2528 4808
562 357 718 415 (tamasis,
1106 370 1158 422 125

218 514 298 591 Cap:
323 515 378 573 Xl.
419 515 466 574 Dc
491 517 677 581 inchoatione
702 518 823 577 Babelis
848 525 877 576 et
901 519 937 576 (16
959 517 1158 580 destructione

117 617 197 692 ejus,
229 633 313 673 vers:
346 619 359 673 1
388 616 425 675 ad
449 619 477 673 9.
513 621 692 677 continuatio
721 620 756 677 do
781 619 861 677 illius
888 618 1042 678 Ecclesiae
1066 623 1157 680 variis

115 716 244 774 statibus
264 722 293 774 ct
314 716 349 774 de
374 717 453 793 quali
472 736 589 792 eorum,
618 737 713 797 usque
735 720 772 777 ad
790 721 892 794 finem,
919 720 988 778 dum
1006 721 1086 780 latta
1111 728 1159 782 est

113 817 301 875 idololatriea
315 825 345 876 et
364 820 489 895 magica.

217 917 296 994 Cap:
315 918 384 976 XII.
425 919 574 979 Institutio
592 921 746 981 Ecclesiae
762 920 947 980 Israiiiticae
962 927 992 980 et
1010 921 1156 983 Iudaicae

114 1036 190 1094 quae
212 1019 269 1076 luit
288 1019 324 1076 ab
347 1020 459 1094 Ebero,
493 1021 570 1079 unde
590 1029 696 1081 vocata
716 1029 761 1081 est
785 1021 922 1080 Ecclesia
938 1022 1094 1098 Hebraea,
1127 1029 1158 1082 et

111 1121 259 1178 institutio
277 1122 373 1196 prima
396 1122 460 1198 ejus
486 1121 523 1179 ab
547 1120 692 1194 Abrarno,
720 1124 770 1199 qui
794 1124 824 1181 in
848 1128 958 1181 terram
986 1121 1156 1183 Oanaanem

110 1221 153 1278 ire
169 1222 276 1298 jussus
297 1227 357 1290 ost,
386 1224 456 1298 quia
474 1222 515 1280 ibi
534 1226 631 1282 omnia
650 1222 732 1294 loca,
761 1231 823 1282 tum
842 1225 1033 1283 circumcirca
1051 1223 1102 1281 illa
1120 1242 1156 1285 ex

110 1323 336 1398 antiquissimae
355 1323 507 1381 Ecclesiae
533 1324 700 1382 hominibus
725 1323 955 1401 significationes
981 1323 1153 1401 spirituales

111 1425 219 1480 sortita
238 1431 324 1494 sum,
352 1429 427 1500 quae
447 1427 667 1484 nominarentur
686 1427 716 1483 in
733 1441 810 1483 novo
828 1423 949 1499 Verbo,
978 1425 1058 1502 quod
1075 1426 1156 1501 apud

108 1523 176 1582 illos
200 1525 451 1598 conscriberetur,
481 1534 510 1582 ct
529 1528 558 1584 tn
576 1545 634 1602 quo
653 1526 705 1584 illa
721 1526 789 1584 loca
806 1526 1041 1600 nominarentur,
1069 1543 1154 1586 vers:

114 1625 187 1682 lad
204 1626 234 1682 8.
273 1625 431 1684 instructio
455 1627 551 1702 prima
578 1627 656 1704 ejus,
690 1644 767 1703 quae
791 1633 837 1686 est
862 1627 1006 1686 naturalis
1026 1626 1153 1686 homims

105 1743 163 1802 per
180 1728 337 1801 scientias,
366 1744 443 1803 quae
461 1735 531 1786 sunt
548 1727 723 1804 Aegyptus,
742 1730 772 1786 in
787 1745 847 1804 qua
864 1727 985 1787 Abram.

211 1826 293 1903 Gap:
318 1827 404 1887 XIII.
446 1827 664 1887 incrementum
689 1831 717 1887 in
743 1817 899 1887 Ecclesiae
927 1830 1153 1905 cognitionibus,

106 1933 139 1986 et
162 1930 314 2004 separatio
344 1931 543 2004 cognitionum
568 1930 784 2006 spiritualium,
824 1947 901 2012 quae
922 1929 1088 1999 Amemus,
1122 1938 1153 1989 et

106 2030 290 2088 naturalium
308 2047 384 2106 quae
404 2030 507 2088 Lotus

210 2129 290 2207 Cap:
316 2130 400 2190 XIV.
441 2134 593 2208 pugnam
614 2130 743 2189 naturali
767 2131 900 2205 homine,
927 2133 1003 2189 inter
1028 2149 1100 2191 vera
1122 2141 1153 2192 et

105 2231 187 2290 bona
208 2249 245 2290 ac
267 2234 343 2289 inter
362 2232 442 2290 mala
460 2240 490 2291 et
511 2232 588 2290 salsa
604 2233 660 2304 ibi,
688 2238 717 2291 et
737 2250 803 2291 eum
822 2232 967 2309 penderet
989 2234 1151 2292 victoriae

104 2338 193 2410 parte
230 2333 376 2391 malorum
407 2350 461 2392 seu
488 2334 609 2403 inferni,
654 2335 816 2409 spiritualis
847 2334 934 2391 homo
961 2335 1155 2419 ,impugnavit

103 2433 189 2507 illos,
216 2442 247 2493 et
267 2437 431 2511 prostravit
444 2434 527 2503 illos,
546 2452 631 2493 vers:
655 2437 669 2492 1
689 2435 727 2492 ad
744 2438 796 2508 ll,
823 2434 891 2492 inde
906 2433 1050 2491 naturalis
1063 2433 1152 2493 homo

105 2535 273 2611 spiritualis
300 2535 443 2593 naturalis
465 2536 577 2605 iactus,
608 2542 638 2594 et
661 2538 787 2594 removit
811 2553 829 2592 a
854 2551 887 2592 se
916 2533 996 2591 mala
1023 2539 1052 2592 et
1075 2535 1152 2593 salsa

106 2638 256 2695 naturalis
275 2636 411 2710 hominis,
430 2654 513 2695 vers:
538 2639 578 2695 18
593 2636 631 2694 ad
649 2639 704 2694 24.

208 2739 292 2814 Gap:
322 2737 391 2797 XV.
438 2739 577 2813 quoniam
604 2736 701 2796 adhuc
727 2736 813 2795 modo
844 2735 1050 2811 multiplicatio
1078 2738 1151 2811 veri,

104 2839 159 2898 sed
176 2856 237 2897 non
259 2838 446 2898 fructificatio
463 2837 546 2912 boni,
573 2845 602 2897 et
620 2840 663 2896 sic
683 2855 740 2897 non
761 2837 912 2911 Ecclesia,
944 2835 1012 2895 ideo
1032 2838 1147 2896 instans

104 2940 185 3017 quod
209 2940 291 3017 apud
315 2939 399 2998 illum
422 2939 507 2998 fieret
530 2938 682 3014 Ecclesia,
712 2955 794 2999 vers:
822 2939 892 2996 iad
911 2940 940 3010 6,
969 2936 1025 2996 sed
1051 2939 1149 3014 qualis

103 3041 244 3100 Ecclesia
259 3046 289 3098 et
303 3041 367 3116 ejus
384 3041 549 3117 conjunctio
564 3058 630 3098 curn
643 3040 769 3100 Domino
782 3040 881 3110 fieret,
900 3038 980 3116 quod
992 3056 1148 3114 perversa,

103 3142 301 3216 praedicitur,
320 3158 403 3201 vers:
428 3147 442 3199 l
458 3141 496 3199 ad
512 3144 567 3199 24.
672 3210 675 3218 Ι

205 3241 284 3318 Cap:
311 3242 395 3301 XVI.
437 3240 610 3319 Conjunctio
633 3246 697 3300 veri
715 3250 745 3301 et
761 3242 831 3300 boni
849 3240 993 3299 naturalis
1012 3239 1147 3314 hominis,

104 3360 141 3403 ex
158 3362 220 3427 qua
233 3343 334 3408 solum
351 3343 487 3420 Ecclesia
501 3350 639 3416 externa,
667 3360 743 3420 quae
761 3342 924 3401 rationalis.

205 3443 268 3504 Sed
286 3442 323 3503 de
335 3443 380 3502 his
394 3446 423 3503 in
437 3443 564 3502 Arcanis
580 3443 769 3517 coelestibus,
789 3443 841 3501 ubi
856 3443 932 3501 haec
946 3458 1023 3518 quae
1040 3442 1147 3502 Eccle-

105 3546 167 3604 siae
193 3551 277 3618 sunt,
306 3545 472 3621 significant
497 3544 549 3602 illa
573 3561 650 3620 quae
673 3544 807 3617 Domini,
836 3562 905 3603 nam
932 3545 1029 3601 omnia
1055 3542 1149 3602 Verbi

103 3646 134 3702 in
149 3662 241 3705 sensu
259 3645 408 3720 spirituali
426 3653 517 3722 agunt
536 3645 572 3704 de
589 3643 728 3703 Ecclesia
747 3650 776 3703 et
794 3644 902 3717 Coelo,
931 3646 960 3701 in
978 3660 1070 3703 sensu
1089 3661 1144 3703 au-

104 3751 163 3805 tem
178 3746 303 3806 coelesti
321 3744 356 3804 de
374 3745 509 3804 Domino.
