2528 4808
103 336 137 388 ss
374 321 506 379 uzecia
528 322 608 382 osa.
629 323 665 391 x,
688 330 733 384 τε.
754 320 828 389 xm,
850 331 877 384 s.

186 487 237 547 li.
292 482 372 558 quod
396 499 434 541 cx
452 480 554 542 Verbo
578 480 728 558 doctrina,
752 496 839 541 νοτες
862 482 915 541 16.
939 483 995 538 l‘i.
1027 479 1163 540 Intiunns

268 582 388 641 Domini
406 581 475 640 inde
492 584 523 640 in
536 580 723 652 Ecclesiam,
739 596 824 640 vers:
848 582 891 640 18
908 579 948 638 ad
962 583 1020 640 20.

185 685 239 742 ll.
293 682 462 759 conjunctio
475 682 605 740 omnium
613 679 715 750 Verbi,
725 682 826 740 etvita
839 679 917 755 inde,
933 696 1014 740 vers:
1035 684 1094 741 21.
1107 685 1164 741 22.

208 786 239 840 2.
294 779 374 858 cap:
393 780 454 840 XI:
481 780 529 840 De
548 781 683 840 doctrina
699 779 867 840 falsificata.
894 779 1017 840 Initium
1033 798 1163 858 perver-

270 882 362 939 sionis
381 880 537 940 Ecclesiae
554 896 611 957 per
627 879 720 957 laisa,
752 878 812 940 olla
829 879 965 965 doctrina
981 881 1024 940 ibi
1042 889 1074 942 et
1092 898 1163 942 caro

268 980 409 1057 populus,
429 998 517 1039 vers:
541 983 568 1038 1.
591 983 621 1039 2.
644 981 674 1040 3.

209 1083 239 1140 2,.
290 1097 346 1156 per
363 1080 584 1139 falsificationes
598 1080 663 1139 ueri
680 1079 841 1155 doctrinae,
861 1096 947 1141 νοτες
968 1080 1043 1139 «lad
1061 1085 1091 1158 7,

213 1183 242 1243 3.
294 1179 373 1257 quod
391 1179 489 1240 adhuc
505 1181 594 1257 pejus
613 1181 682 1250 erit,
701 1185 731 1239 et
744 1180 823 1256 quod
841 1197 879 1240 en
893 1179 1060 1240 falsificatis
1078 1183 1163 1256 peri·

271 1282 330 1339 turi
358 1283 432 1356 sint,
464 1296 548 1340 vers:
579 1279 653 1339 8ad
671 1283 724 1340 11.
758 1283 829 1357 quia
853 1286 1029 1357 pervertent
1053 1283 1163 1351 omnia,

269 1395 357 1439 vers:
381 1384 435 1440 12.

135 1481 165 1540 3.
189 1482 243 1538 11.
296 1479 377 1554 quod
394 1480 586 1558 dispergendi
604 1497 707 1540 omnes
725 1483 776 1558 qui
793 1481 824 1538 in
840 1478 936 1550 salsis,
955 1481 1037 1558 quod
1052 1480 1162 1540 Eccle-

271 1579 317 1636 sia
335 1581 391 1638 crit
409 1598 447 1639 ex
464 1581 582 1656 paucis,
602 1598 687 1640 vers:
710 1583 753 1640 13
767 1580 807 1638 ad
824 1582 877 1639 16.

135 1681 190 1736 li.
214 1679 244 1738 3.
298 1677 379 1753 quod
395 1697 414 1740 a
430 1680 558 1739 Domino
571 1696 650 1738 nova
662 1680 800 1740 Ecclesia
812 1679 997 1740 instituenda
1013 1683 1062 1755 sit,
1083 1697 1161 1757 quae

269 1779 396 1837 iuveris
414 1779 452 1837 ab
469 1778 556 1855 Ipso,
580 1797 668 1840 νοτες
697 1784 738 1839 11
755 1779 794 1838 ad
809 1781 865 1840 20.
892 1787 964 1840 tune
983 1797 1053 1840 cnm
1079 1782 1163 1858 prior

270 1877 408 1937 Ecclesia
424 1878 597 1948 destruitur,
615 1897 700 1939 vers:
723 1883 778 1939 21.

186 1980 240 2036 11.
291 1978 372 2054 quod
388 1978 522 2039 Verbum
538 1978 700 2038 illustrabit
717 1997 834 2054 novam,
855 1996 940 2038 vers:
962 1983 1021 2040 22.
1044 1983 1101 2040 23.

269 2076 326 2137 hoc
351 2079 574 2139 manifestatum
594 2079 653 2139 iilis
678 2080 783 2156 quiin
808 2079 983 2156 captivitate
1001 2080 1160 2157 spirituali

270 2193 354 2238 vers:
376 2181 432 2237 24.
452 2181 509 2239 25.

210 2277 239 2336 3.
294 2274 372 2353 Cap:
390 2277 460 2336 XII.
497 2279 533 2338 de
551 2280 719 2337 vastatione
737 2278 910 2354 Ecclesiae,
944 2286 976 2339 et
993 2277 1032 2338 de
1049 2278 1159 2355 imple·

269 2376 349 2436 bone
361 2377 549 2454 prophetiae.
580 2377 670 2456 Quod*
682 2385 785 2438 contra
798 2359 960 2438 Dominum
978 2386 1009 2440 et
1026 2378 1160 2438 Verbum

269 2477 337 2552 sint,
356 2495 440 2537 νοτες
453 2467 493 2538 ’1.
513 2482 545 2538 2.
1128 2483 1132 2487 ’

210 2579 239 2635 3.
292 2585 551 2657 repraesentatum
575 2577 656 2654 quod
684 2579 846 2636 recesserit
866 2577 1004 2637 Ecclesia
1028 2577 1067 2636 ab
1090 2579 1158 2653 iliis,
1184 2578 1185 2583 ’

269 2695 324 2751 per
353 2677 433 2753 quod
461 2677 595 2736 Verbum
625 2677 816 2753 falsificatum
848 2680 887 2736 sit
913 2677 1013 2754 quoad
1039 2695 1159 2738 sensnm

268 2775 389 2846 literae,
420 2793 516 2852 usque
539 2783 653 2837 utnon
677 2780 717 2836 sit
732 2777 870 2836 Ecclesia
894 2766 1051 2853 amplius,
1073 2795 1157 2839 νοτες

272 2874 344 2932 311
363 2879 416 2932 12.

210 2971 240 3032 3.
294 2974 373 3048 quod
399 2991 471 3045 vera
496 2975 674 3051 principalia
700 2975 900 3035 destruxerint
923 2994 979 3053 per
1002 2979 1160 3041 ratiocinia

270 3089 307 3129 ex
325 3073 454 3132 naturali
466 3074 593 3149 homine,
613 3093 698 3134 vers:
728 3077 782 3135 13.

207 3173 237 3230 3.
292 3180 322 3231 et
337 3174 406 3233 inde
425 3191 498 3233 vera
513 3175 639 3252 reliqua,
656 3182 691 3234 ut
707 3192 814 3250 parum
832 3176 985 3235 residuum
1002 3180 1052 3252 sit,
1072 3194 1157 3238 vers:

273 3274 314 3331 14
328 3273 367 3331 ad
385 3276 439 3332 16.

156 3374 186 3432 3.
209 3375 238 3431 1.
291 3375 370 3450 quod
387 3391 447 3432 non
464 3377 577 3434 sciatur
594 3375 666 3451 quid
683 3375 794 3433 bonum
812 3380 842 3435 et
859 3393 979 3445 verum,
1002 3392 1090 3436 νοτες
1114 3380 1154 3436 11

266 3473 308 3532 ad
326 3476 381 3534 20.
409 3475 490 3551 quod
508 3475 653 3534 adventus
671 3474 792 3533 Domini
804 3491 862 3533 non
878 3473 1055 3550 differretur,
1069 3492 1157 3537 vers:

269 3577 310 3631 21
330 3574 370 3632 ad
385 3579 441 3643 25,

116 3673 119 3680 '
155 3675 239 3729 2.1.
293 3673 373 3748 quod
402 3691 513 3732 vanum
537 3676 577 3732 sit
603 3673 683 3749 quod
714 3672 827 3747 dicant,
866 3673 947 3750 quod
977 3675 1158 3752 prophetica

266 3769 359 3829 Verbi
376 3769 413 3828 de
430 3771 558 3830 Domino
581 3776 651 3848 post
672 3771 797 3832 multum
820 3775 964 3849 temporis
984 3775 1158 3852 implebun-

205 3872 235 3928 1.
263 3876 325 3941 tur,
350 3883 436 3927 vers:
458 3869 628 3929 26ad28.

204 3969 235 4025 2.
289 3965 367 4044 Cap:
385 3967 472 4027 XIII.
509 3968 557 4026 De
575 3969 711 4030 doctrina
727 3971 884 4031 Ecclesiae
905 3971 1073 4032 falsificata.
1108 3974 1158 4035 De

264 4066 323 4125 illis
354 4070 405 4143 qui
428 4084 466 4126 ex
489 4071 614 4144 propria
635 4071 832 4148 intelligentia
859 4071 1023 4131 doctrinam
1048 4073 1156 4134 exelu-

266 4166 339 4224 dunt
358 4173 409 4226 aut
427 4167 590 4228 doctrinam
608 4169 776 4240 falsificant,
800 4188 883 4230 vers:
910 4175 924 4229 1
943 4171 981 4231 ad
998 4175 1028 4233 3.
