2528 4808
494 353 682 408 HISTORICA
703 353 815 408 Vliltlll.

525 576 789 647 Genesis

241 706 319 786 Cap:
349 708 372 766 I.
426 708 460 766 In
497 725 587 768 sensu
625 711 774 787 spirituali
811 710 989 769 describitur
1025 712 1073 770 hic
1109 700 1211 770 nova‘

141 811 251 870 creatio
285 826 340 868 seu
366 813 553 884 regeneratio
584 811 734 869 hominum
760 811 915 870 Ecclesiae
939 804 1185 889 Antiquissimac:

139 926 302 987 processus
332 913 566 987 regenerationis
588 912 705 970 illorum
728 931 746 970 o
770 915 873 988 primis
902 912 939 970 ad
969 913 1072 971 ultima
1095 915 1135 972 ibi
1156 916 1187 972 in

139 1027 194 1070 suo
213 1009 315 1070 ordine
333 1012 510 1070 continetur.

244 1110 325 1189 Cap:
349 1113 389 1171 Π.
437 1112 615 1172 describitur
632 1113 827 1190 intelligentia
853 1121 882 1172 et
905 1116 1053 1190 sapientia
1069 1115 1187 1173 illorum

140 1212 305 1288 hominum,
334 1214 404 1272 dum
421 1216 589 1291 regenerati
605 1220 690 1288 sunt,
724 1216 780 1273 fuit
800 1218 876 1274 enim
894 1215 1031 1274 Ecclesia
1055 1216 1108 1274 illo
1125 1217 1185 1274 Ec-

132 1313 233 1373 'clesia
246 1314 396 1391 coelestis,
416 1317 544 1373 omnium
562 1317 702 1390 primaria
718 1318 755 1374 in
766 1316 823 1374 hac
842 1316 972 1374 Tellure.

242 1412 321 1493 Cap:
347 1416 402 1474 Ill.
446 1415 564 1491 Lapsus
589 1424 619 1474 et
636 1416 701 1475 linis
725 1416 805 1475 illius
828 1417 998 1491 Ecclesiae,
1031 1418 1112 1492 quod
1134 1436 1184 1476 re-

141 1517 323 1575 cesseriuta
346 1516 468 1575 coelesti
493 1516 610 1576 homino
636 1517 674 1575 ad
690 1517 873 1592 naturalem,
905 1518 972 1577 iude
995 1517 1054 1576 illis
1073 1518 1184 1578 intelli-

141 1617 243 1693 gentia
261 1634 297 1675 ex
310 1619 441 1693 proprio,
460 1617 526 1675 loco
544 1618 757 1695 intelligentiae
776 1636 794 1675 a
810 1619 946 1677 Domino.

240 1715 318 1794 Gap:
344 1718 396 1775 IV.
443 1718 558 1775 Divisio
576 1717 656 1776 illius
675 1720 829 1777 Ecclesiae
848 1738 924 1796 quae
943 1721 998 1778 luit
1019 1722 1181 1781 interillos

139 1821 190 1894 qui
208 1835 293 1876 omne
310 1820 465 1879 Ecclesiae
485 1827 514 1876 et
531 1819 600 1878 inde
617 1819 721 1877 salutis
735 1829 900 1897 posuerunt
916 1824 944 1879 in
963 1821 1028 1880 sola
1048 1823 1184 1882 doctrina

142 1927 171 1978 et
184 1920 310 1977 scientia
328 1922 544 1998 cognitionum,
569 1923 619 1996 qui
638 1920 727 1993 Cain,
749 1931 778 1979 et
798 1922 958 1981 interillos
978 1927 1028 1999 qui
1047 1924 1136 1982 simul
1154 1929 1184 1982 iu

139 2022 202 2082 vita
220 2023 329 2081 amoris
350 2029 379 2080 et
397 2021 568 2097 charitatis,
599 2024 649 2098 qni
666 2021 759 2096 Abel,
786 2029 816 2079 et
833 2022 998 2094 abstracte,
1019 2025 1098 2102 quod
1118 2026 1184 2083 sola

137 2122 262 2181 scientia
280 2121 486 2181 doctrinalium
513 2124 590 2180 sicut
608 2121 673 2181 sola
690 2123 779 2197 fides,
800 2122 868 2180 dum
887 2127 916 2181 in
933 2124 985 2182 illa
1005 2143 1090 2184 omne
1109 2126 1181 2184 reli-

135 2223 231 2300 gionis
249 2226 386 2299 ponitur,
416 2223 591 2282 charitatem
614 2224 744 2298 occidat,
772 2224 826 2282 sed
851 2226 929 2301 quod
953 2227 1058 2304 reJecti
1076 2230 1126 2303 qui
1146 2247 1183 2285 ex

137 2322 203 2384 sole
220 2321 354 2383 doctrina
371 2325 507 2384 iccerunt
523 2323 705 2399 Ecclesiam,
726 2329 755 2382 et
772 2342 830 2382 non
848 2326 936 2384 simul
953 2329 983 2384 in
1001 2331 1073 2387 vita.

236 2424 316 2502 Cap:
335 2425 372 2484 V.
407 2426 577 2484 Divisiones
597 2432 625 2484 et
645 2426 823 2484 mutationes
849 2427 928 2486 illius
950 2427 1105 2488 Ecclesiae
1125 2430 1179 2489 de·

51 2570 54 2578 ,
136 2526 284 2602 scriptae,
314 2544 389 2604 quae
409 2527 610 2604 significantur
627 2545 682 2604 per
699 2532 836 2604 posteros
854 2528 961 2586 Adami
980 2547 1013 2588 cn
1040 2529 1181 2590 Schetho.

235 2627 314 2705 Cap:
339 2628 392 2686 VI.
432 2629 512 2686 Finis
531 2626 610 2686 illius
634 2627 788 2688 Ecclesiae
807 2629 925 2705 quando
944 2648 1002 2688 non
1027 2649 1130 2690 uerum
1151 2637 1181 2690 et

133 2728 243 2788 bonum
265 2730 408 2806 amplius,
434 2731 504 2805 quia
521 2729 550 2785 in
572 2733 695 2806 propria
711 2729 920 2806 intelligentia,
949 2749 1033 2792 vers:
1061 2735 1075 2790 1
1096 2732 1135 2790 ad
1152 2734 1183 2792 6.

138 2832 181 2889 10
197 2830 236 2888 ad
253 2833 307 2888 12.
339 2845 373 2888 ac
395 2831 579 2906 principium
592 2847 687 2890 novae
711 2829 865 2890 Ecclesiae
872 2876 880 2907 ,
909 2850 984 2908 quae
1005 2833 1182 2910 intelligitur

132 2929 354 3008 perNoachum
370 2939 399 2989 et
418 2931 482 3008 ejus
501 2936 560 2987 tres
578 2930 679 2990 Filios.

132 3063 137 3069 ·
240 3031 349 3109 [Cap2]
374 3030 443 3090 VH.
485 3030 659 3090 Destructio
686 3032 840 3092 Ecclesiae
870 3036 1094 3110 antiquissimae
1124 3035 1178 3094 de-

133 3135 246 3210 scripta
264 3150 320 3209 per
337 3132 489 3206 diluvium,
508 3138 538 3191 et
550 3134 776 3220 initium'novae
789 3151 844 3209 per
863 3150 962 3192 arcam
977 3141 1006 3194 et
1018 3137 1084 3213 ejus
1106 3154 1179 3196 con·

131 3236 342 3295 servationem.
376 3241 387 3251 ”
492 3276 496 3301 2

186 3322 190 3328 ¹
240 3334 349 3414 [Capz]
377 3333 459 3395 VIII.
494 3335 574 3394 Finis
598 3334 753 3394 Ecclesiae
776 3328 1016 3412 antiquissimae,
1044 3346 1074 3398 et
1093 3341 1180 3416 prin-

132 3439 241 3514 cipium
254 3437 408 3496 Ecclesiae
428 3438 577 3513 autiquae.

233 3537 343 3616 [Capz]
372 3537 428 3597 IX.
468 3538 635 3614 Praecepta
666 3545 696 3597 ct
726 3544 840 3597 statuta
865 3557 919 3617 pro
949 3540 1001 3599 illa
1027 3541 1193 3613 Ecclesia,

130 3656 214 3698 vers:
239 3643 253 3697 1
271 3639 310 3696 ad
328 3644 367 3697 17
374 3684 380 3696 .
408 3638 544 3704 Ecclesia
560 3638 612 3696 illa
626 3646 672 3697 est
688 3639 839 3715 Noachus,
860 3642 991 3701 coeleste
1011 3650 1058 3701 est
1080 3641 1177 3702 Sche-

130 3756 211 3814 mus‚
239 3739 394 3816 spirituale
419 3740 484 3816 ejus
507 3738 672 3816 Japbetus,
707 3747 736 3800 et
767 3742 902 3801 naturale
934 3743 998 3820 ejus
1032 3742 1173 3817 ChamuS,

130 3857 214 3899 vers:
241 3838 401 3898 lsadas.

232 3938 338 4018 [Cap]
370 3940 409 3998 X.
456 3940 602 4015 Quoniam
632 3927 770 4001 Ecclesia
803 3943 856 4003 illa
880 3951 1004 4004 extensa
1038 3946 1095 4003 luit
1121 3963 1176 4022 per

129 4041 253 4101 multum
278 4040 357 4100 orbis
386 4040 524 4114 Asiatici,
553 4047 582 4098 et
606 4039 675 4102 iride
699 4051 782 4103 eraut
806 4044 967 4104 divisiones
974 4091 993 4120 ,,
1016 4047 1074 4105 liae
1107 4051 1177 4104 srmt

130 4162 206 4220 quae
232 4142 440 4204 describuntur
458 4160 513 4219 per
536 4150 674 4217 posteros
705 4163 741 4203 cx
767 4146 904 4222 Noecho,
937 4163 991 4227 seu
1019 4147 1175 4209 extribus

130 4246 195 4323 ejus
213 4245 290 4304 filiis.
