2528 4808
367 282 465 343 usal.
486 284 565 337 cAP.
586 283 663 349 XXI,
686 293 720 345 15
741 285 868 350 ·-XXV,
891 294 918 346 5.

115 439 185 497 boni
209 445 352 515 pereunt,
383 455 479 515 usque
497 445 531 498 ut
548 456 712 516 perparum
735 444 883 516 supersit,
917 459 1005 503 vers:

121 540 162 597 15
178 539 216 597 ad
234 542 287 598 ll.
368 602 371 606 Δ
890 578 894 584 ·

167 638 244 714 Cap:
263 638 370 712 XXII:
398 638 446 698 De
464 643 588 716 propria
605 641 815 718 intelligentia,
838 642 916 717 quod
935 659 1008 702 vera
1045 649 1076 704 2.

114 741 267 799 Ecclesiae
281 757 336 815 per
352 740 434 798 illam
451 747 595 816 pereant,
630 741 712 818 [vers
721 743 743 819 :]
769 745 783 800 1
799 742 837 800 ad
854 747 882 800 7.

165 841 243 916 quod
263 847 386 899 externa
403 839 559 900 Ecclesiae
577 842 732 918 perillam
752 843 935 918 dispereant,
952 859 1006 902 us·
1045 847 1075 903 2.

114 959 172 1016 que
190 944 270 999 utin
288 942 488 1017 ignorantiam
506 942 544 1001 de
561 942 692 1002 Domino
710 946 846 1016 veniant,
875 960 960 1002 vers:
984 946 1001 1002 8

113 1041 151 1098 ad
172 1045 227 1099 12.

164 1142 244 1216 quod
262 1148 332 1200 tnnc
352 1159 389 1199 ex
408 1141 551 1217 jucundis
572 1143 642 1202 salsi
661 1144 840 1203 destructuri
859 1146 1005 1202 1111111111-
1044 1147 1074 1202 2.

113 1257 166 1299 sus
184 1241 287 1315 Verbi,
306 1258 392 1301 vers:
415 1244 457 1302 13
471 1243 510 1301 ad
526 1244 580 1302 15.

165 1342 242 1416 quod
260 1341 303 1399 illi
320 1344 444 1417 perituri
462 1345 535 1413 sint,
553 1359 638 1402 vers:
661 1344 703 1401 16
722 1344 760 1401 ad
777 1344 830 1401 19.
1046 1347 1076 1402 2.

163 1442 244 1517 qnod
260 1446 397 1518 potentia
414 1441 507 1502 Verbi
532 1460 709 1502 remansura
732 1446 785 1518 sit,
814 1444 968 1505 custodita⁴
984 1461 1008 1503 a

108 1541 252 1616 Domino,
277 1558 363 1600 vers:
385 1542 559 1602 101124.

160 1642 240 1718 quod
256 1645 346 1700 otiam
361 1642 412 1700 illa
424 1646 560 1719 peritura
572 1645 612 1702 sit
625 1645 656 1701 in
669 1643 819 1718 Ecclesia,
841 1661 926 1703 vers:
946 1645 1002 1703 25.
1042 1646 1072 1703 2.

161 1742 238 1818 Cap:
267 1742 387 1802 XXIII.
421 1743 457 1803 de
483 1745 623 1803 Ecclesia
642 1732 830 1803 devastanda
853 1752 883 1803 et
908 1744 1002 1802 deva·
1041 1747 1072 1803 2.

109 1849 189 1902 stata
209 1842 308 1919 quoad
332 1861 451 1921 omnem
467 1847 665 1922 cognitionem
682 1847 747 1904 veri
765 1851 795 1904 et
812 1843 895 1916 boul,
924 1860 1001 1919 quae

111 1944 226 2020 Tyrus,
258 1943 338 2020 quod
360 1962 416 2020 per
440 1947 623 2022 cognitiones
646 1963 706 2004 non
729 1944 858 2021 amplius
883 1943 1006 2019 aliquod
1041 1947 1071 2004 2.

109 2062 212 2106 verum
230 2043 400 2115 Ecclesiae,
417 2051 451 2103 ut
467 2047 565 2121 prius,
585 2061 670 2107 vers:
693 2048 707 2105 1
725 2045 764 2104 ad
779 2047 807 2103 9.

159 2145 239 2222 quod
260 2145 388 2221 amplius
405 2145 574 2206 vastabitur
596 2164 653 2223 per
676 2147 833 2205 ratiocinia
851 2162 889 2204 ex
907 2142 1000 2221 falsis,
1040 2149 1071 2204 2.
1119 2187 1122 2192 »

108 2263 192 2305 vers:
218 2245 384 2304 10ad14.
970 2228 972 2233 ⁵

1156 298 1171 348 7

159 2346 239 2423 qnod
256 2346 423 2404 devastatio
439 2349 640 2424 cognitionum
663 2347 728 2403 veri
753 2361 787 2404 se
812 2343 952 2405 extendet
966 2349 997 2404 et
1037 2347 1065 2404 1.
1085 2348 1115 2404 2.
1133 2347 1164 2406 3,.

84 2475 86 2477 -
112 2447 190 2522 quod
208 2446 326 2505 durabit
344 2463 444 2522 usque
463 2447 502 2505 ad
515 2446 678 2505 adventum
695 2443 828 2519 Domini,
847 2460 931 2503 vers:
955 2444 997 2504 15

108 2547 146 2605 ad
163 2551 218 2616 11,

159 2647 240 2725 quod
259 2649 445 2724 cognitiones
464 2653 535 2705 tunc
552 2649 612 2704 sint
630 2644 706 2718 aliis,
725 2659 810 2703 vers:
835 2645 888 2701 18.
1037 2646 1090 2702 11.

162 2747 241 2824 Cap:
260 2748 384 2807 XXIV:
414 2747 502 2823 Quod
522 2746 661 2806 EcclesIa
684 2746 714 2803 in
741 2760 851 2820 genere
877 2759 1002 2819 prorsus
1041 2745 1071 2804 3.

108 2849 283 2908 devastetur
299 2865 397 2925 usque
422 2853 455 2905 nt
477 2865 537 2907 non
559 2845 689 2923 amplius
714 2843 828 2920 aliquid
844 2843 1000 2903 Ecclesiae

107 2951 253 3025 supersit,
278 2949 333 3007 sed
349 2949 416 3008 loeo
434 2949 515 3007 illius
538 2948 648 3008 salsum
667 2952 698 3006 et
715 2945 841 3018 malum,
869 2959 956 3007 verse
979 2947 995 3005 1

108 3050 146 3108 ad
162 3053 217 3110 13.

159 3150 240 3227 quod
259 3134 303 3207 1111Ι
320 3151 371 3226 qui
390 3154 476 3208 extra
496 3149 663 3208 Ecclesiam
681 3152 752 3205 sunt
769 3143 922 3220 recepturi
938 3144 998 3202 sint
1035 3144 1065 3203 3.
1084 3144 1139 3201 ll.

107 3250 337 3309 illustrationem
356 3267 374 3308 a
389 3232 535 3321 Domino,
552 3265 639 3307 vers:
663 3246 787 3305 14.15.
808 3247 862 3303 16.

157 3349 245 3426 Quod
262 3349 400 3409 Ecclesia
417 3366 541 3425 prorsus
559 3350 694 3424 peritura
711 3347 765 3419 sit,
792 3349 823 3402 ot
841 3343 1001 3401 destruen-
1041 3342 1071 3399 3.

109 3449 155 3519 da,
172 3467 257 3508 vers:
272 3452 322 3528 16
336 3450 375 3508 ad
388 3451 444 3508 20.

157 3550 238 3626 quod
254 3549 432 3627 conjiciendi
444 3547 639 3620 ininfernum,
655 3559 741 3601 vers:
762 3543 819 3600 21.
833 3543 889 3598 22.
909 3538 989 3615 qnod
1021 3540 1074 3599 15.
1093 3541 1149 3599 11.

107 3666 185 3707 nova
202 3650 341 3708 Ecclesia
360 3666 378 3707 a
395 3648 524 3707 Domino
541 3646 608 3704 loco
623 3645 745 3714 veteris,
758 3657 838 3704 vers:
857 3644 912 3699 22.
927 3641 983 3700 23.
1045 3642 1100 3699 12.

158 3747 236 3824 Gap:
260 3750 369 3808 XXV:
409 3747 566 3807 Confessio
583 3745 722 3814 Domini,
748 3759 834 3802 vers:
858 3745 887 3799 1.
907 3745 993 3816 post·
1033 3741 1137 3799 3.1c.

108 3867 197 3925 quam
216 3851 315 3908 omnia
332 3849 488 3908 Ecclesiae
505 3861 630 3924 prorsus
648 3845 816 3921 perierant,
838 3858 925 3900 vers:
947 3842 979 3908 2,

157 3948 238 4025 quod
256 3954 326 4008 tunc
339 3946 377 4008 ue
391 3952 530 4025 pereant,
551 3945 691 4022 quodque
710 3944 754 4003 illi
769 3943 820 4020 qui
835 3948 921 4001 extra
933 3940 993 3998 Ec·
1034 3940 1088 3996 11.

105 4048 230 4115 clesiam
245 4055 323 4120 suut,
342 4049 496 4108 accessuri
509 4049 578 4121 sint,
593 4062 629 4106 ac
643 4044 759 4106 tutandi
773 4060 812 4102 ne
826 4042 864 4100 ab
877 4041 937 4100 illis
950 4040 997 4097 in-

105 4147 264 4222 festentur,
282 4165 366 4210 vers:
389 4150 419 4208 3.
441 4150 471 4206 4.
497 4148 523 4207 5.
