2610 4814
122 337 175 390 120
360 327 494 381 Pssnli:
518 325 665 392 CXXXVI,
689 335 722 387 10
746 327 863 391 —CXL‚
885 334 930 388 14.

285 486 326 544 ibi
344 485 511 546 Ecclesiam
529 488 691 558 instaurat,
712 491 741 542 61
754 485 835 543 mala
852 488 946 544 omnis
964 489 1084 561 generis
1104 487 1167 546 dis·

284 589 374 663 sipat,
392 603 477 649 vers:
505 588 547 645 10
562 586 601 644 60
617 588 672 643 22.

128 685 182 742 16.
203 686 255 743 12.
310 685 479 746 celebratio
498 693 527 746 et
549 687 695 745 confessio
720 685 821 762 Ipsius
840 688 890 762 qui
907 686 1015 747 liberat
1039 705 1059 746 6
1081 688 1168 748 salsis

287 796 316 846 ot
334 788 435 858 malis,
454 795 484 846 61
502 787 553 845 061
566 803 639 846 vera
657 793 686 845 et
703 786 795 861 bona,
814 804 902 846 vers:
925 789 968 848 23
984 788 1022 847 ad
1036 791 1091 848 26.

201 890 254 946 12.
309 894 339 947 et
355 888 411 947 hoc
431 906 467 947 er
484 886 551 947 sola
567 887 783 962 misericordia,
803 905 889 947 vers:
914 892 928 946 1
946 889 985 946 60
1000 891 1056 948 26.

199 991 253 1046 ll.
306 989 364 1047 Pa:
384 987 572 1048 CXXXVII.
600 989 771 1048 lamentatio
797 1007 815 1046 a
835 989 972 1066 gentibus
991 992 1089 1066 quiin
1106 991 1165 1048 ial-

284 1091 326 1148 sis
345 1107 382 1148 cn
400 1091 580 1167 ignorantia,
601 1091 672 1167 quie
691 1089 750 1148 illis
776 1105 836 1148 non
860 1088 1007 1164 Verbum,
1036 1107 1121 1150 vers:
1146 1094 1160 1150 1

284 1189 323 1248 ad
344 1192 373 1248 6.
490 1204 492 1208 ·

199 1295 253 1351 11.
306 1290 394 1366 Quod
404 1291 557 1349 aDomiuo
571 1290 608 1348 ab
622 1291 681 1350 illis
695 1291 795 1348 lutura
808 1291 955 1360 Ecclesia,
970 1310 1059 1368 quam
1077 1311 1162 1352 ama·

283 1391 337 1462 bit,
354 1408 437 1453 vers:
462 1392 489 1450 5.
506 1394 535 1450 6.

224 1495 253 1554 3.
308 1492 386 1569 quod
403 1493 529 1569 perituri
546 1494 596 1567 qui
613 1491 781 1551 Ecclesiam
799 1492 1009 1563 devastarunt,
1036 1510 1122 1554 vers:
1146 1499 1162 1552 1

285 1593 323 1652 60
344 1595 372 1650 9.

124 1717 178 1773 10.
199 1716 252 1773 16.
305 1714 365 1773 Ps:
392 1705 595 1771 CXXXVIII.
623 1710 791 1772 Celebratio
813 1714 932 1772 Domini
956 1714 994 1772 ab
1017 1715 1166 1784 Ecclesia,

284 1812 676 1890 quodDomInus'colendus
697 1831 734 1872 ex
752 1813 862 1888 Verbo,
883 1815 934 1873 ubi
950 1815 1094 1874 Divinum
1111 1817 1164 1892 Ip-

286 1917 350 1973 sius
363 1931 483 1988 vorum,
503 1931 587 1973 vers:
612 1918 627 1972 1
649 1915 731 1988 601,

199 2020 253 2075 11.
307 2015 387 2092 quod
407 2033 425 2072 a
443 2016 571 2073 Domino
594 2016 678 2074 selus
704 2015 763 2074 illis
790 2019 841 2092 qui
866 2017 993 2076 humiles
1013 2024 1100 2090 sunt,
1130 2035 1166 2076 ac
1233 2044 1239 2051 ·

283 2118 344 2175 vita
362 2122 393 2176 61
410 2116 517 2189 tutela,
537 2133 622 2175 vers:
645 2117 718 2175 660
732 2119 761 2176 8.

198 2240 253 2296 10.
305 2237 360 2296 Ps:
380 2236 553 2296 CXXXIX.
574 2235 742 2296 Celebratio
760 2238 858 2296 Patris
876 2257 895 2296 6
910 2239 1056 2312 Domino,
1085 2238 1168 2314 quod

282 2355 368 2397 omne
395 2339 581 2414 cogitationis
607 2344 636 2396 et
657 2337 818 2396 voluntatis
843 2341 933 2413 sciat,
967 2342 1037 2415 quia
1061 2342 1165 2398 unitus

282 2439 355 2516 Ipsi,
374 2456 459 2498 vers:
483 2441 497 2496 1
516 2438 555 2496 ad
569 2440 597 2497 5.

198 2542 252 2598 10.
306 2541 385 2616 quod
405 2541 468 2616 Ipsi
485 2541 688 2600 omniscientis
706 2545 736 2598 61
753 2541 1019 2616 omnipraesentia,
1034 2558 1120 2600 vers:
1144 2544 1162 2599 6

284 2641 394 2700 6010.

198 2744 251 2799 16.
303 2743 382 2818 quod
400 2742 437 2799 ab
455 2743 525 2817 Ipso
542 2738 702 2802 illustratio
719 2744 748 2800 in
766 2743 904 2810 naturali,
923 2760 1010 2800 vers:
1037 2746 1086 2800 ll.
1105 2745 1161 2800 12.

124 2863 251 2921 ll.12.
305 2859 383 2937 q'uod
409 2861 554 2919 formatus
578 2867 609 2920 ct
630 2878 724 2936 purus
755 2864 794 2920 sit
820 2861 857 2919 ab
881 2861 970 2938 Ipso,
998 2877 1085 2920 vers:
1118 2863 1161 2920 13

283 2963 392 3022 6015.

198 3066 251 3122 10.
305 3062 383 3138 quod
400 3062 468 3121 inde
486 3065 584 3121 omnia
600 3063 701 3121 Patris
720 3080 788 3121 cum
805 3063 876 3140 Ipso
895 3067 978 3121 unita
992 3066 1061 3136 sint,
1081 3080 1161 3121 vers:

285 3164 453 3222 166018.

131 3250 134 3256 ’
197 3269 252 3324 10.
305 3265 385 3342 quod
403 3264 547 3323 Dominus
573 3281 657 3323 omne
685 3265 795 3324 malum
822 3271 851 3324 et
875 3265 983 3324 falsum
1005 3265 1122 3342 rejiciat
1144 3282 1164 3322 6

283 3384 325 3441 66,
352 3383 437 3425 vers:
466 3367 508 3423 19
524 3365 562 3424 60
578 3369 633 3424 22.

197 3471 250 3527 10.
302 3468 380 3545 quod
397 3467 459 3547 Ipsi
476 3468 629 3542 integritas
648 3469 694 3540 sit,
711 3484 795 3527 vers:
818 3470 871 3527 23.
891 3469 946 3525 24.

148 3596 200 3654 13.
212 3597 248 3652 ’4.
282 3595 358 3654 .Ps:
378 3592 468 3652 CXL.
498 3593 600 3652 Oratio
613 3594 734 3652 Domini
752 3594 790 3651 ad
807 3595 928 3654 Patrem
946 3599 978 3650 ut
996 3610 1015 3649 a
1031 3591 1162 3650 falsariis

284 3700 314 3752 61
330 3693 509 3770 hypocritis,
530 3697 581 3770 qui
597 3694 708 3753 malum
722 3694 786 3772 Ipsi
803 3693 960 3753 intendunt
977 3695 1006 3751 in
1024 3690 1163 3751 Ecclesia

281 3811 432 3871 perversa,
446 3794 598 3870 liberetur,
619 3812 705 3856 vers:
730 3799 743 3853 1
762 3795 800 3853 60
817 3798 846 3854 9.

222 3910 251 3966 3.
305 3906 385 3984 quod
407 3914 532 3983 pereant
562 3926 696 3985 persua
722 3909 800 3968 salsa
824 3915 856 3968 61
881 3909 975 3979 mala,
1004 3925 1086 3967 vers:
1117 3909 1160 3965 10

281 4008 388 4067 6011.

197 4113 250 4168 11.
305 4114 334 4167 61
355 4109 433 4184 quod
452 4113 502 4188 qui
517 4112 691 4171 confitentur
704 4112 871 4187 Dominum,
892 4110 1055 4184 salventur,
1073 4125 1161 4167 vers:
1264 4103 1271 4118 ‘

285 4212 412 4270 13.14.
