2528 4808
368 273 467 330 usna
490 275 569 334 ose.
590 274 660 344 rm,
683 285 699 339 1
722 277 853 344 -rvm,
876 288 900 340 ι.
1039 320 1043 328 .
1128 295 1163 348 21

161 433 241 509 quod
255 436 399 504 extranei,
418 437 469 510 qul
482 434 565 494 illam
578 437 718 496 unionem
730 443 865 496 sanctam
877 438 999 511 habent,
1039 444 1092 502 11.
1111 446 1166 506 10.

108 533 273 610 recipiendi
285 536 344 593 siut
358 536 389 593 iu
399 535 569 618 Ecclesiam
582 553 656 612 prae
667 536 800 614 reliquis,
815 555 900 596 vers:
921 542 953 597 4.
969 541 998 601 5.

161 642 190 694 et
210 635 289 710 quod
312 633 355 692 illi
378 653 512 712 quoque,
540 638 590 713 qui
614 639 645 695 in
671 637 755 696 salsis
779 656 817 698 er
834 640 1002 714 ignorantia
1039 645 1093 701 ll.

107 742 178 795 sunt
195 734 408 811 introducendi,
429 742 459 794 et
479 736 558 813 quod
571 744 716 813 acceptus
735 739 791 796 erit
810 738 909 797 cultus
926 737 996 798 illo·
1114 800 1117 805 ,

107 855 188 908 rum,
207 852 292 895 vers:
315 838 344 894 6.
363 840 394 895 7.
859 846 865 855 ’

161 936 241 1013 quod
260 939 349 994 etiam
367 935 473 1013 reliqui
492 937 662 998 adducendi
674 942 741 1014 sint,
761 955 846 998 vers:
869 941 898 998 8.
915 942 945 998 9.
1039 944 1093 1001 11.

159 1040 230 1114 qnia
252 1036 370 1096 seducti
393 1036 524 1106 abillis,
556 1039 666 1114 quibus
691 1039 871 1114 cupiditates
896 1039 994 1100 malae
1033 1043 1087 1102 11.
1104 1047 1134 1102 2.

106 1145 192 1212 sunt,
211 1153 298 1196 vers:
322 1139 376 1195 10.
401 1140 454 1196 11.
1106 1157 1109 1162 ·

159 1244 188 1296 et
206 1238 258 1315 qui
275 1252 334 1296 non
348 1237 430 1296 aliud
447 1239 586 1314 cupiunt,
605 1255 695 1315 quam
710 1241 841 1298 insanire
859 1242 888 1297 in
905 1239 998 1314 ialsls,
1036 1244 1067 1299 2.

105 1355 192 1397 vers:
217 1341 271 1396 12.

159 1463 238 1539 Cap:
257 1463 357 1522 LVII:
385 1462 464 1539 quod
480 1449 541 1523 non
565 1464 693 1542 ampIIus
714 1457 820 1525 verum
839 1471 868 1525 et
885 1464 996 1524 bonum
1034 1469 1065 1526 2.
1087 1468 1117 1526 3.

105 1571 137 1623 et
155 1567 217 1622 vita
233 1563 355 1636 inillis,
387 1581 472 1623 vers:
502 1568 530 1622 1.
555 1568 586 1622 2.
622 1568 692 1642 quia
709 1566 944 1626 falsificaverunt
967 1573 997 1635 et

105 1665 354 1723 adulteraverunt
370 1663 431 1738 illa,
451 1682 535 1723 vers:
558 1667 587 1723 3.

155 1765 313 1841 loquentes
333 1771 436 1822 contra
454 1764 603 1840 Divinum,
623 1783 708 1824 versa
728 1770 760 1826 4.
1036 1769 1065 1825 3.

157 1868 208 1942 qui
225 1872 326 1922 amant
344 1863 421 1923 laisa
439 1882 645 1941 quaecuuque,
665 1873 695 1924 et
712 1883 785 1925 vera
798 1883 997 1944 quaecunque

105 1965 290 2043 deperdunt,
308 1980 394 2023 vers:
419 1966 448 2024 5.
486 1972 517 2023 ot
534 1965 636 2024 colunt
652 1965 705 2024 illa
723 1984 801 2042 qnae
821 1983 857 2024 er
874 1969 998 2043 propria

103 2067 315 2141 intelllgentia‚
348 2081 433 2125 vers:
464 2067 494 2123 6.
532 2072 562 2124 et
580 2065 726 2124 extollunt
744 2067 909 2126 doctrinam
927 2066 996 2125 inde

105 2184 204 2244 usque
224 2166 262 2223 ad
280 2165 406 2239 cultum,
427 2181 512 2224 vers:
536 2170 563 2224 7.

156 2274 187 2325 et
204 2267 367 2341 vulgarunt
384 2282 485 2325 coram
503 2266 652 2342 omnibus,
686 2273 716 2326 et
742 2266 940 2327 extenderunt
960 2266 1000 2326 ad
1036 2268 1066 2326 3Ὶ

104 2368 184 2427 laisa
202 2368 297 2426 omnis
316 2368 444 2441 generis,
464 2383 549 2425 vers:
572 2369 602 2426 8.

158 2475 188 2527 et
206 2473 316 2526 vocant
334 2466 478 2525 coelestia
495 2465 574 2524 bona
593 2473 623 2524 et
640 2483 727 2541 vera,
757 2475 788 2525 ot
805 2465 932 2525 adorant
947 2463 1001 2523 illa
1038 2466 1067 2523 3.

104 2571 187 2627 omui
206 2567 414 2640 submissione,
434 2583 518 2624 vers:
541 2568 571 2625 9.

160 2668 241 2744 quod
253 2684 312 2725 non
330 2668 524 2735 retraxerint,
544 2669 615 2742 quia
632 2683 670 2725 ex
687 2667 810 2742 propria
825 2663 996 2740 intelligen·
1035 2665 1065 2725 3.
1086 2666 1117 2722 4.

105 2772 160 2840 tia,
177 2754 264 2827 vers:
289 2769 342 2825 10.
373 2766 430 2825 hoc
449 2768 521 2842 quia
537 2785 596 2826 non
609 2766 824 2827 consuluerunt
836 2765 997 2824 Dominum

103 2871 157 2946 qui
175 2869 306 2936 doceret,
323 2883 408 2926 vers:
433 2869 485 2925 11.
508 2869 562 2927 12.

158 2970 239 3046 qnod
256 2967 335 3026 salsa
351 2967 419 3027 illos
433 2966 576 3044 perdent3
593 2969 681 3027 aliter
699 2967 750 3044 qui
768 2972 869 3024 amant
885 2965 992 3024 Domi-
1031 2963 1061 3023 3.
1080 2964 1135 3020 11.

103 3089 192 3139 num,
214 3076 248 3128 ut
265 3085 338 3126 vera
355 3068 463 3127 doceat
479 3074 509 3124 et
531 3067 608 3128 laisa
625 3072 797 3135 removeat,
822 3082 909 3124 vers:
930 3066 993 3124 13.

108 3174 164 3229 14.
191 3168 272 3247 qnod
288 3167 435 3226 Dominus
462 3166 494 3225 id
517 3167 608 3228 saciat
631 3186 700 3229 cum
717 3165 879 3225 humilibus
898 3164 998 3232 corde,

102 3287 192 3330 vers:
221 3272 277 3329 15.
382 3288 385 3295 ’

155 3389 237 3467 quod
263 3406 322 3448 non
348 3391 445 3464 possit
465 3387 496 3445 id
523 3389 625 3447 iacere
651 3384 711 3444 11118
738 3385 789 3459 qui
813 3399 850 3440 ex
877 3384 999 3459 proprio
1033 3365 1067 3438 3.

103 3491 490 3567 88ρ111111,ν818;16.17.
812 3578 819 3591 ,
857 3584 858 3587 Ἴ
1046 3541 1048 3545 ,

156 3609 211 3667 sed
227 3607 287 3666 illis
306 3609 357 3683 qni
375 3605 476 3665 dolent
494 3620 587 3680 super
604 3601 643 3672 ld,
662 3614 749 3658 vers:
776 3601 829 3657 18.
859 3597 948 3677 [lit]
1030 3598 1084 3656 11.
1104 3598 1135 3657 3.

155 3745 215 3785 non
233 3744 301 3787 oum
319 3726 377 3785 illis
392 3727 443 3801 qni
458 3741 495 3783 ex
512 3720 643 3781 naturali
655 3735 714 3778 non
731 3719 901 3812 producunt
918 3705 1000 3807 [niel]
1037 3717 1069 3776 3.

103 3828 186 3886 mala
205 3833 236 3886 ot
253 3826 347 3896 salsa,
366 3824 510 3901 aquibus
527 3835 677 3897 nusquam
695 3826 895 3889 removentur,
912 3833 998 3880 vers:

106 3928 165 3986 20.
184 3930 241 3987 21.

157 4044 236 4122 Cap:
256 4043 366 4104 LVIII.
385 4042 433 4102 Dc
449 4042 606 4135 iniquitate
621 4036 778 4098 Ecclesiae
790 4039 912 4104 veteris,
925 4051 1003 4112 quae
1039 4035 1071 4090 1.

105 4145 288 4223 detegenda,
322 4160 406 4202 vers:
443 4145 471 4202 1.
510 4146 580 4200 sunt
604 4141 683 4199 sieut
701 4141 753 4215 qui
770 4141 871 4197 amant
886 4151 1001 4202 verum,
