2528 4808
404 349 537 405 PSALM:
559 350 634 403 XVII
658 352 755 417 -XX,
781 363 806 413 1.
1109 367 1145 420 97

164 506 218 566 Ps:
240 504 341 566 XVII.
375 506 522 566 Dominus
543 508 579 567 de
592 511 762 586 integritate
783 513 863 572 vitae
885 528 974 589 suae,
1013 516 1067 574 10.

88 623 173 667 νοτες
197 610 211 665 1
232 605 311 664 ad5.

165 723 203 766 ex
220 707 329 765 Diuino
347 710 377 765 in
395 725 446 779 se,
471 727 556 768 vers:
585 713 621 779 6,
650 728 687 769 ex
706 728 765 786 quo
784 718 972 774 sustentatus
1010 708 1040 775 8.

87 816 193 868 eontra
217 807 327 878 malos,
359 812 409 884 qui
433 812 591 886 insurgunt
616 817 720 869 contra
743 811 862 888 Ipsum,
892 830 978 874 νοτες

88 909 163 967 (iad
179 911 233 968 10.

138 1016 169 1068 et
185 1009 291 1069 volunt
307 1008 412 1086 ipsum
431 1010 584 1081 occidere,
604 1028 686 1071 vers:
712 1015 765 1071 11.
788 1016 840 1071 12.
871 1017 972 1090 aqui·
1011 1019 1040 1075 9.

85 1110 143 1170 bus
162 1117 262 1170 tamen
281 1127 341 1169 non
357 1117 459 1187 potest
476 1111 565 1186 laedi,
586 1129 671 1170 νοτες
696 1114 749 1172 13.

138 1213 197 1286 qui.
207 1217 307 1269 tamen
324 1210 459 1270 Verbum
476 1211 597 1282 habent,
615 1229 698 1272 νοτες
723 1216 775 1272 14.
803 1214 883 1290 quod
900 1214 970 1291 Ipse
1010 1219 1064 1276 10.

84 1310 309 1388 glorificabitur,
328 1329 411 1370 νοτες
436 1314 489 1372 15.

107 1453 110 1458 -
138 1411 220 1488 Gap:
239 1411 355 1470 XVIII.
383 1413 492 1471 fiducia
509 1413 629 1472 Domini
642 1431 660 1470 a
673 1413 783 1473 Divino
797 1431 852 1473 suo
868 1423 972 1475 contra
1010 1423 1039 1477 7.
1058 1420 1088 1476 8.

86 1513 210 1583 inferna,
230 1528 311 1572 νοτες
335 1515 349 1570 l
364 1514 403 1571 nd
418 1516 449 1571 4.
474 1519 502 1572 7.
530 1531 651 1590 pugnae
666 1514 786 1574 Domini
800 1531 868 1574 cum
881 1517 975 1576 infer-

86 1617 147 1687 nis,
170 1630 255 1672 νοτες
280 1613 307 1671 5.
331 1615 360 1670 6.
384 1619 413 1672 7.

137 1713 218 1801 quod
247 1715 277 1771 in
307 1713 373 1773 zelo
402 1714 610 1791 subjugaverit
643 1723 672 1774 et
696 1718 879 1792 postraverit
908 1716 969 1792 ille,
1009 1719 1039 1776 8.

85 1831 170 1874 νοτες
200 1813 273 1873 8ad
290 1816 344 1874 15.
380 1815 460 1890 quod
484 1818 527 1874 sie
551 1816 663 1875 Divina
680 1820 792 1876 veritas
817 1823 973 1899 appareat,

83 1931 168 1973 vers:
194 1917 248 1974 16.
826 1898 829 1902 ι

136 2015 216 2092 quod
235 2033 271 2074 ex
290 2015 399 2074 Divino
423 2032 478 2075 sno
501 2016 631 2076 valuerit
655 2033 749 2091 supra
766 2013 849 2090 Illos,
878 2032 963 2076 νοτες
1004 2019 1034 2075 8.

90 2121 130 2175 17
147 2115 186 2173 ad
202 2119 257 2174 20.

136 2216 216 2292 quod
238 2218 355 2293 justitia
374 2222 404 2275 et
428 2219 582 2293 integritas
603 2218 693 2276 luerit
710 2217 855 2287 Domino,
879 2231 964 2275 νοτες
1005 2217 1034 2274 8.

87 2321 128 2376 21
147 2316 185 2375 ad
202 2320 257 2375 27.
280 2319 336 2375 31.
356 2318 427 2394 33„
443 2334 478 2375 ao
496 2317 638 2376 Divinum
656 2316 786 2390 Verum,
807 2333 890 2380 vers:
915 2319 972 2376 29.

87 2420 142 2477 30.
171 2416 252 2493 quod
270 2419 310 2476 sit
327 2416 410 2476 solus
428 2416 523 2491 Deus,
543 2434 630 2477 vers:
652 2420 708 2476 32.

135 2517 215 2594 quod
234 2534 271 2576 ex
288 2517 398 2576 Divino
416 2533 471 2576 suo
489 2524 613 2594 pugnet,
634 2534 717 2577 vers:
740 2519 783 2577 33
801 2517 839 2574 ad
855 2518 910 2576 37.
930 2533 967 2576 οε
1005 2518 1035 2576 8.

84 2602 200 2675 inferna
223 2617 381 2694 subjuget,
413 2625 499 2676 vers:
527 2620 571 2677 38
588 2617 627 2676 ad
642 2621 698 2675 41.
727 2616 809 2694 qnod
832 2617 891 2676 illis
913 2634 974 2676 non
1061 2692 1063 2696 μ

85 2720 123 2775 sit
145 2723 296 2791 servator,
327 2734 411 2776 νοτες
441 2721 497 2775 42.
533 2735 625 2794 quare
651 2718 860 2788 destruentur,
887 2733 971 2777 νοτες

86 2820 140 2878 43.
156 2820 213 2877 46.

133 2926 205 2977 tune
223 2935 303 2978 nova
315 2919 452 2979 Ecclesia
466 2935 543 2994 quae
563 2927 706 2994 agnoscet
719 2927 749 2978 et
767 2920 845 2979 colet
862 2919 969 2978 Domi·
1010 2921 1063 2977 11.

84 3036 161 3094 num,
180 3035 268 3077 νοτες
289 3022 345 3078 44.
367 3020 424 3080 45.

133 3118 297 3180 celebratio
312 3120 433 3179 Domini
446 3120 484 3178 ab
497 3119 550 3179 illa
561 3119 701 3180 Ecclesia
712 3125 837 3196 propter
850 3118 971 3178 redem-
1012 3119 1065 3178 16.
1080 3119 1122 3178 17
1126 3157 1135 3176 .

85 3221 227 3296 ptionem,
243 3235 330 3278 νοτες
351 3225 394 3280 47
414 3221 452 3279 ad
470 3221 524 3279 51.

134 3345 212 3423 Cap:
232 3345 319 3406 XIX.
354 3348 434 3424 quod
452 3347 594 3412 Divinum
616 3347 731 3407 Verum
753 3346 845 3406 exibit
867 3344 964 3408 unde·
1005 3344 1059 3401 ll.

85 3463 212 3523 quaque,
231 3463 316 3506 νοτες
340 3448 411 3506 lad
430 3449 458 3508 5.

133 3565 215 3642 quod
238 3565 296 3626 hoc
320 3582 338 3624 a
355 3566 483 3636 Domino
502 3567 636 3642 oprimis
655 3564 694 3623 ad
711 3563 816 3623 ultima
835 3560 923 3620 Coeli
938 3567 968 3621 et
1006 3562 1060 3620 12.

83 3663 252 3740 Ecclesiae,
271 3683 357 3726 νοτες
381 3668 411 3724 6.
429 3671 457 3724 7.

132 3785 214 3860 quod
230 3784 374 3844 Divinum
391 3784 422 3842 id
433 3784 548 3844 Verum
564 3782 702 3859 perficiat
719 3782 878 3853 hominem,
892 3782 965 3858 quia
1003 3782 1059 3839 l2.

84 3881 155 3942 illud
173 3891 221 3944 est
233 3885 396 3961 sapientia,
415 3901 501 3943 νοτες
523 3886 541 3943 8
557 3883 597 3942 ad
617 3886 671 3942 12.

131 4001 214 4077 quod
230 4019 290 4061 non
306 4003 412 4071 laetus,
429 4017 515 4062 νοτες
539 4003 593 4060 13.
616 4003 670 4076 14,
698 3998 779 4076 quod
797 4000 840 4059 sic
853 4016 964 4076 purum
1003 4001 1056 4057 12.

85 4107 113 4158 et
130 4108 301 4179 acceptum,
320 4118 407 4161 νοτες
431 4103 485 4181 15.

132 4220 209 4298 Cap:
239 4219 311 4281 XX.
349 4219 518 4280 celebratio
541 4219 663 4278 Domini
688 4217 769 4295 quod
793 4216 960 4278 Ecclesiam
999 4217 1053 4274 16.
1079 4217 1134 4273 17.

132 4329 343 4383 Swoslenborg,
366 4329 477 4369 Summas.
495 4329 576 4383 Expos.
592 4341 672 4368 sensus
689 4328 780 4368 interni.
966 4319 983 4374 7
