2528 4808
100 317 135 372 12
300 308 434 365 IEREM:
456 309 537 367 oni.
560 308 663 374 XXXI,
686 318 721 369 31
745 307 908 374 -XXXIV,
930 319 956 368 7.

264 490 301 532 en
320 473 526 550 conjunctione
544 471 597 530 illa
615 477 702 530 erunt
720 489 793 530 vcra
811 474 891 531 vitae
917 489 1022 532 eornm
1044 472 1143 529 iuscri-

262 580 329 650 pta,
348 589 433 632 vers:
456 560 498 632 3‘1
516 572 554 631 ad
572 575 626 632 34.

180 678 234 733 11.
287 673 366 750 quod
382 674 439 733 boc
458 676 488 732 in
506 681 663 733 aeternnm
677 672 786 732 stabile
801 674 865 744 erit,
883 691 969 734 vers:
992 671 1145 733 35ad3i.

180 779 234 834 ll.
288 775 368 851 quod
394 774 527 833 doctrina
553 776 632 835 vitae
663 773 724 833 illis
753 777 809 833 erit
832 775 931 852 ampla
963 781 994 834 ct
1019 781 1148 844 extensa,

263 892 349 934 vers:
372 875 539 935 383640,
1016 911 1018 915 ⁴

130 979 160 1037 3.
185 980 239 1036 ll.
294 975 373 1053 Cap:
391 975 526 1036 XXXII.
558 975 727 1053 Indignatio
752 977 832 1053 quod
855 976 993 1036 Ecclesia
1023 975 1148 1037 Judaiea

265 1077 444 1152 destruetur,
465 1095 550 1137 vers:
574 1080 589 1136 1
608 1077 647 1136 ad
665 1079 693 1136 5.
723 1078 802 1154 quod
819 1095 915 1154 nsque
933 1078 1074 1138 Ecclesia
1086 1077 1146 1136 Do·

265 1181 336 1238 mini
353 1178 598 1251 conservabitur,
616 1196 701 1238 vers:
725 1179 795 1238 636
812 1181 865 1249 15,

134 1283 187 1339 11.
211 1282 240 1340 3.
293 1283 426 1357 precatio
444 1287 478 1338 nt
495 1287 697 1354 conservetur,
713 1297 799 1338 vers:
823 1281 864 1338 16
880 1279 918 1337 36
934 1284 990 1339 22.
1013 1282 1070 1339 25.
1098 1278 1147 1338 sed

269 1381 347 1457 qnod
364 1383 444 1458 prior
461 1381 598 1465 Ecclesia
615 1381 793 1455 destructur,
814 1397 900 1440 vers:
922 1383 977 1441 23.
996 1384 1052 1440 24.
1073 1381 1128 1440 25.

203 1485 234 1540 3.
287 1488 317 1540 et
346 1481 554 1558 reprobabitur
586 1488 709 1558 propter
737 1481 817 1539 mala
843 1481 924 1558 ejus,
957 1499 1035 1558 quae
1062 1483 1148 1560 etiarn

204 1603 209 1612 ·
265 1582 345 1658 apud
362 1581 461 1640 illosa
478 1584 624 1658 principio
642 1583 907 1651 suerunttametsi
918 1576 1062 1642 'Verbum
1082 1581 1148 1657 illis,

266 1688 296 1741 et
313 1681 381 1741 inde
400 1682 541 1752 doctrina,
566 1699 651 1742 vers:
674 1686 716 1742 26
736 1683 774 1741 36
790 1685 844 1753 33,

203 1785 233 1843 3.
290 1783 371 1858 quod
386 1782 640 1859 prophanaverint
658 1790 776 1858 sancta,
795 1801 880 1843 vers:
903 1787 958 1844 34.
976 1786 1034 1844 35.

181 1888 234 1943 11.
289 1901 356 1942 cum
385 1883 442 1944 hoc
467 1884 660 1959 factumest,
694 1885 774 1961 quod
796 1902 875 1943 nova
903 1886 1043 1945 Ecclesia
1064 1889 1148 1945 insti·

266 1985 377 2045 tuenda
395 1988 449 2060 sit,
480 2003 557 2062 quae
580 1987 739 2064 conjuncta
762 1988 817 2044 erit
835 2003 902 2045 cum
920 1987 1066 2062 Domino,
1096 2003 1148 2048 nec

266 2086 463 2163 separabitur,
483 2104 568 2146 vers:
590 2089 633 2146 36
650 2086 688 2145 ad
703 2088 759 2162 40,

187 2190 241 2244 11,
295 2188 375 2263 quod
393 2170 478 2247 omne
495 2187 605 2245 bonum
621 2187 689 2261 illis,
717 2205 801 2247 vers:
822 2193 878 2247 41.
894 2192 951 2246 42.
979 2195 1053 2265 tuuc
1065 2205 1148 2249 omne

262 2287 416 2348 Ecclesiae
436 2287 510 2362 illis,
530 2305 613 2347 vers:
634 2290 690 2347 43.
712 2291 768 2347 44.

178 2392 231 2448 11.
286 2388 365 2466 Cap:
391 2388 540 2448 XXXIII.
578 2389 626 2448 De
651 2406 730 2447 nova
751 2389 902 2460 Ecclesia,
932 2392 1015 2466 quod
1036 2395 1140 2464 163136·

263 2491 358 2550 rande
376 2508 442 2551 curn
456 2492 538 2567 prior
555 2490 708 2550 destructa
725 2495 780 2566 est,
803 2507 887 2552 vers:
912 2495 925 2550 1
945 2492 984 2551 36
1001 2494 1032 2552 5.

181 2596 235 2652 11.
290 2593 370 2670 quod
392 2599 461 2670 post
486 2591 716 2652 destructionem
743 2591 914 2652 arcessendi
943 2596 1020 2668 sint,
1057 2596 1146 2672 quia

263 2695 346 2754 salsis
362 2693 515 2766 educendi,
535 2710 621 2753 vers:
649 2696 666 2752 6
682 2693 721 2751 36
737 2695 765 2752 9.
794 2696 895 2770 quiex
914 2693 1072 2756 affcctione
1085 2695 1148 2755 veri

264 2801 294 2852 et
309 2794 379 2853 boni
397 2793 495 2852 colent
511 2793 680 2868 Dominum,
697 2786 784 2852 ¹vers:
807 2796 861 2852 10.
881 2798 935 2852 11.

182 2898 236 2953 11.
288 2897 338 2970 qni
366 2900 436 2971 post
463 2895 592 2969 priorem
619 2901 706 2953 erunt
730 2897 761 2952 iu
792 2898 885 2954 omnis
911 2899 1032 2972 generis
1060 2898 1147 2972 veris,

265 3011 351 3055 vers:
375 2995 502 3053 12.·13.

128 3118 234 3174 1.11.
286 3113 365 3191 quod
387 3115 444 3173 hoc
468 3114 520 3174 fiet
537 3131 605 3174 cnm
626 3115 772 3174 Dominus
798 3122 896 3189 veuit,
929 3102 980 3194 qui
1002 3120 1150 3190 instituet,

262 3231 347 3274 vers:
377 3218 420 3274 14
441 3215 555 3274 3616.
590 3215 669 3292 qnod
695 3223 767 3276 tnnc
790 3236 850 3277 non
872 3220 966 3280 deerit
990 3236 1097 3280 verum
1121 3225 1151 3279 ct

264 3317 384 3392 bonum,
404 3333 488 3379 vers:
511 3320 565 3375 li.
584 3319 638 3375 18.

184 3442 237 3498 ll.
292 3438 371 3515 qnod
388 3437 543 3514 spirituale
562 3443 592 3497 et
608 3437 745 3498 naturale
764 3440 968 3516 concordabit,
986 3424 1085 3502 ¹vers:
1105 3441 1144 3500 19

262 3540 300 3599 36
320 3542 377 3599 21.

186 3650 240 3719 11‘.
297 3659 376 3735 quod
392 3666 462 3718 tunc
478 3662 594 3718 veroin
612 3662 691 3718 omni
708 3662 803 3737 copia,
820 3677 905 3720 vers:
926 3666 982 3720 22.

177 3780 231 3838 11.
283 3776 362 3854 quod
380 3779 406 3834 si
422 3795 482 3835 non
498 3777 532 3835 fit
549 3796 654 3838 verum
679 3784 709 3838 et
734 3780 844 3837 bonum
868 3780 1023 3856 spirituale
1043 3790 1074 3843 et
1092 3801 1147 3842 na·

262 3876 359 3936 torale
384 3877 580 3954 concordans,
615 3897 674 3938 non
700 3880 777 3939 foret
797 3881 949 3951 Ecclesia,
983 3901 1070 3944 vers:
1102 3878 1146 3946 23

265 3977 379 4037 3626.

129 4107 159 4167 3.
183 4107 237 4166 11.
291 4101 369 4180 Cap:
387 4101 536 4164 XXXIV.
564 4102 650 4179 Quod
662 4106 799 4166 Ecclesia
819 4106 948 4167 Iudaica
966 4108 1151 4172 destruetur>

264 4203 412 4283 sedquod
424 4221 520 4283 usque
538 4222 641 4264 verum
661 4206 725 4285 ejus
745 4208 983 4288 conservabitur,
1009 4224 1097 4274 vers:
1129 4216 1144 4272 1
