2528 4808
240 323 373 384 IEREM:
414 325 490 379 CAP.
511 324 641 392 XXXIV,
664 336 679 386 7
702 325 878 391 -XXXVII,
900 337 927 388 2·
1073 337 1108 391 43

54 483 97 542 ad
120 489 147 542 i.
185 483 267 560 quod
283 483 370 543 liberi
391 491 478 578 erunt
502 488 553 562 qui
579 486 616 545 ab
639 485 791 562 Ecclesia,
818 505 901 547 vers:
924 492 941 546 8

55 585 95 643 ad
117 587 173 643 ll.

107 686 164 746 sed
196 685 277 762 quod
301 689 382 745 servi
404 687 476 746 lacti
498 689 557 746 sint
579 704 649 747 ase
670 690 758 764 ipsis
789 706 873 748 vers:
902 694 943 749 12
985 694 1013 750 3.

53 787 93 846 ad
114 789 171 847 16.

109 887 193 966 quod
217 889 298 946 servi
325 888 418 946 futuri
434 887 517 947 salsis
544 891 614 966 quia
631 899 821 950 recesserunt
839 910 858 950 a
874 909 945 952 con·
985 894 1015 953 3.

50 991 208 1068 junctione
230 1005 296 1046 curn
313 988 450 1062 Domino,
470 1007 554 1049 vers:
579 990 747 1050 1131119.Ι

105 1097 138 1151 31
160 1091 235 1166 quia
256 1091 452 1167 prophanatio
477 1093 554 1166 vert,
580 1109 665 1151 vers:
696 1094 750 1151 20.
787 1094 865 1169 quod
881 1095 948 1154 Ideo
986 1097 1016 1154 3.

17 1269 19 1272 Ι
58 1200 150 1253 morte
162 1190 425 1268 prophanatorum
437 1194 563 1268 perituri
576 1194 643 1268 sint,
662 1210 748 1259 vers:
770 1197 825 1252 21.
841 1198 896 1252 22.

114 1292 192 1369 Cap:
212 1291 347 1351 XXXV.
383 1293 431 1352 Illi
451 1296 556 1370 quiex
575 1293 706 1354 Goelesti
723 1294 859 1354 Ecclesia
876 1296 940 1354 Do·
981 1301 1033 1354 ll.

65 1396 136 1454 mini
148 1395 370 1470 repraesentati
385 1413 441 1471 per
457 1394 533 1454 filios
552 1394 716 1470 Jonadabi,
749 1396 828 1473 quod
844 1399 945 1456 viuum

59 1513 117 1555 non
134 1494 286 1569 biberent,
321 1495 439 1555 dornum
455 1514 514 1556 non
533 1496 739 1571 aedificarent,
767 1515 869 1557 semen
887 1516 944 1557 non

53 1606 193 1657 renerent
210 1603 241 1656 et
256 1595 427 1671 plantarent
444 1601 563 1672 vineae,
591 1616 667 1676 quae
691 1599 858 1676 significant
883 1600 938 1657 ad·
978 1604 1031 1658 ll.

53 1698 173 1757 discere
193 1715 268 1756 vera
282 1715 317 1756 ac
334 1701 462 1758 retinere
474 1698 526 1757 illa
544 1702 694 1774 memoria,
715 1701 795 1776 qnod
812 1707 858 1759 est
876 1704 940 1777 spi·

54 1799 172 1859 ritualia
191 1798 363 1873 Ecclesiae,
390 1801 444 1860 sed
466 1801 545 1877 quod
561 1804 592 1859 in
609 1803 742 1860 tentoriis
761 1801 937 1875 habitarent,
979 1807 1031 1861 11.

54 1900 132 1977 quod
162 1899 314 1976 sIgnificat
345 1904 479 1977 recipere
507 1904 569 1959 vita
594 1910 624 1960 et
650 1901 787 1971 obedite,
820 1919 902 1961 vers:
927 1909 940 1962 l

58 2002 94 2061 ul
113 2004 170 2062 10.

106 2102 173 2163 iude
192 2101 332 2161 Ecclesia
350 2102 489 2162 coelestis
507 2104 582 2174 illie,
601 2121 684 2164 vers:
710 2109 762 2163 11.
830 2138 838 2156 ·
977 2110 1031 2164 11.

105 2202 198 2281 Quod
215 2203 353 2263 Ecclesia
380 2203 510 2264 Judaiea
536 2223 595 2264 non
621 2206 746 2282 recipiat
770 2211 801 2265 et
818 2206 946 2280 obediat,
985 2209 1015 2266 3.

25 2379 31 2395 ¹
61 2307 174 2366 temetsi
194 2305 340 2364 docentur
358 2309 513 2377 continuo,
538 2324 624 2366 vers:
657 2311 698 2366 12
715 2307 752 2365 ad
770 2309 823 2366 16.
853 2324 944 2384 quare

26 2478 32 2487 ι
57 2408 181 2483 perituri
200 2412 279 2482 sunt,
299 2424 384 2466 vers:
409 2412 462 2466 li.

105 2508 163 2568 sed
180 2507 227 2567 illi
245 2509 296 2584 qui
318 2509 459 2568 obediunt
480 2512 510 2567 in
533 2509 670 2568 Ecclesia
693 2507 817 2567 coelesti
841 2514 935 2581 erunt,
976 2511 1031 2566 11.

57 2610 297 2670 vers:18.13.

108 2711 192 2788 Cap:
212 2710 360 2770 XXXVI.
386 2710 474 2786 Quod
487 2711 647 2770 destructio
661 2709 816 2769 Ecclesiae
830 2714 860 2766 et
872 2725 947 2784 gen·
986 2713 1015 2770 3.

58 2814 96 2873 tis
118 2811 197 2872 Iud:
224 2812 379 2888 praedicta
399 2814 451 2882 sit,
479 2820 508 2871 et
525 2812 705 2871 inculcatum
728 2818 761 2870 ut
778 2813 941 2887 resipisce-

59 2921 133 2989 rent,
150 2929 237 2972 vers:
261 2917 275 2971 1
294 2913 333 2971 ad
350 2915 404 2972 10.

111 3033 192 3111 quod
211 3036 321 3092 sonent
339 3033 419 3109 quod
435 3051 540 3092 verum
558 3042 648 3107 esset,
667 3051 751 3092 vers:
776 3037 815 3092 ll
836 3034 874 3093 ad
894 3037 947 3093 16.
988 3039 1016 3095 3.
1086 3089 1104 3105 ,,

60 3135 140 3213 quod
157 3135 315 3193 aDomino
333 3134 527 3210 praedictum,
546 3151 630 3194 vers:
653 3139 707 3193 17.
729 3137 783 3193 18.

111 3254 192 3331 quod
209 3255 370 3331 rejicerent
388 3255 601 3331 prophanando
618 3255 710 3329 Illud,
742 3272 828 3314 vers:
852 3258 894 3314 19
911 3257 948 3313 ad
985 3259 1016 3315 3.

61 3358 117 3426 24,
144 3357 256 3432 pariter
273 3355 422 3425 Verbum,
439 3373 526 3416 vers:
551 3359 606 3415 25.
624 3360 679 3415 26.

110 3475 191 3553 quod
208 3446 320 3534 veritas
338 3475 448 3533 Divina
465 3492 524 3533 non
540 3479 673 3551 peritura
695 3476 749 3543 sit,
771 3490 856 3532 vers:
882 3477 935 3531 21,
977 3476 1030 3532 11.

61 3580 117 3637 28.
139 3579 193 3637 32.
354 3576 356 3581 ⁴

110 3699 183 3774 quia
206 3715 239 3756 se
264 3698 504 3767 obstinaverant,
530 3694 608 3771 quod
628 3662 768 3753 interitus
792 3694 945 3755 Ecclesiae
984 3698 1013 3755 3.

58 3805 89 3860 et
105 3801 190 3877 regni
207 3802 380 3874 immineret,
399 3815 484 3857 vers:
506 3799 549 3855 29
566 3795 604 3854 ad
617 3798 672 3855 31.

111 3924 191 4003 Cap:
213 3924 377 3986 XXXVII.
411 3923 497 4000 Quod
514 3922 620 3999 reliqui
641 3922 678 3981 ab
695 3922 832 3982 Ecclesia
850 3923 943 3983 deva·
984 3928 1013 3982 2.

59 4032 142 4087 stata
156 4027 380 4105 prophanarent
397 4031 500 4084 sancta
517 4041 590 4083 vera
605 4024 760 4102 Ecclesiae
777 4043 832 4101 per
849 4027 941 4085 ratio·

59 4130 139 4188 cruia
155 4146 192 4188 ex
210 4127 390 4187 soientifiois
431 4124 517 4202 Quod
539 4125 646 4201 reliqui
664 4143 718 4184 nee
736 4128 871 4186 viverent
891 4142 940 4185 so·
998 4148 1001 4153 ·

60 4228 191 4291 cundum
209 4245 282 4290 vcra
300 4228 453 4288 doctrinae
471 4244 508 4288 ex
520 4226 629 4303 Verbo,
658 4243 740 4286 vers:
760 4229 787 4283 1.
805 4229 835 4284 2.
