2610 4814
174 363 211 416 ρο
451 349 548 406 ESAJ.
570 349 777 414 11111111
799 346 906 411 -ΙΝΙ,
930 355 957 408 3.

340 511 398 582 cis,
428 524 512 568 vers:
541 509 570 567 6.
601 511 630 566 7.
660 506 691 565 8.
738 512 768 566 11
797 504 877 582 quod
901 504 1079 583 subjugaret
1106 503 1231 577 inferna,

341 626 425 670 vers:
448 610 478 666 9.

203 714 233 772 9.
256 714 310 770 11.
364 709 443 787 quod
455 725 510 785 per
526 709 698 785 passionem
712 708 808 766 crucis
827 721 906 762 nova
919 703 1058 764 Ecclesia
1074 705 1233 771 existeret,

339 810 502 869 vers210.
529 811 583 867 11.
939 809 940 812 ’

230 912 260 968 9.
283 912 313 970 8.
362 913 396 968 ¹et
410 908 563 986 quietalis
575 907 724 978 sustinuit,
737 905 816 982 quod
829 906 925 963 victor
939 902 1057 977 evadet,
1069 919 1150 990 vers:
1175 904 1232 961 12.

254 1012 309 1068 11.
363 1007 443 1085 Cap:
463 1008 541 1066 LIV.
563 1006 641 1084 quod
658 1006 732 1080 illis,
753 1005 834 1083 apud
852 1020 927 1081 quos
946 1021 1004 1062 non
1022 1005 1107 1080 prins
1123 1002 1234 1063 Eccle-

340 1110 400 1183 sia,
428 1109 522 1167 multa
539 1108 694 1167 Ecclesiae
717 1123 790 1165 vcra
810 1111 913 1174 crunt,
946 1120 1023 1180 quae
1049 1101 1234 1180 multiplica-

341 1208 467 1282 buntur,
488 1225 573 1268 vers:
598 1210 627 1266 1.
649 1211 680 1265 2.
704 1207 733 1265 3.

181 1311 316 1369 10.17.
370 1308 449 1384 quod
474 1309 638 1367 falsitatum
663 1309 794 1383 priorum
823 1323 882 1365 non
905 1303 1125 1379 recordabitur,
1162 1308 1235 1382 quia

340 1408 488 1467 Dominus
505 1407 590 1467 Deus
610 1406 765 1467 Ecclesiae
787 1407 852 1477 erit,
868 1421 956 1466 vers:
978 1407 1009 1463 4.
1033 1405 1062 1463 5.

256 1510 310 1568 11.
364 1506 444 1583 quod
469 1507 579 1566 suerint
607 1508 685 1565 sicut
714 1505 828 1582 absque
861 1506 928 1565 Deo
954 1504 1055 1582 aliquo
1086 1511 1232 1583 tempore,

347 1623 433 1665 vers:
458 1607 487 1666 5.
507 1609 535 1681 6,
573 1605 653 1683 quod
669 1606 725 1664 hoc
744 1606 855 1664 sactum
870 1608 908 1664 sit
926 1622 993 1664 cum
1010 1622 1069 1663 non
1086 1605 1233 1680 Ecclesia,

340 1706 394 1765 sed
412 1706 597 1766 restituenda
611 1725 629 1764 a
641 1706 779 1780 Domino,
797 1722 885 1764 vers:
909 1712 936 1766 7.
961 1708 990 1764 8.

256 1810 310 1867 11.
365 1806 484 1884 quaudo
509 1824 568 1866 non
594 1824 713 1882 verum3
745 1822 812 1865 cum
836 1813 943 1883 postea
972 1822 1030 1864 non
1057 1806 1234 1878 desiturum,

341 1909 479 1967 versztl.
503 1909 557 1966 10.
760 1899 779 1920 ‘'
963 1922 965 1925 ·

181 2009 235 2065 11.
260 2010 313 2066 17.
367 2007 446 2084 quod
465 2007 640 2067 doctrinalia
658 2013 745 2066 crunt
769 2007 860 2082 plena
876 2008 957 2065 veris
975 2005 1181 2082 spiritualibus
1202 2013 1233 2066 ct

343 2107 523 2167 coelestibus
542 2107 712 2182 aDomino,
732 2123 817 2167 vers:
840 2109 894 2165 11.
919 2110 973 2165 12.
998 2108 1051 2166 13.

206 2208 260 2265 17.
284 2207 314 2266 3.
367 2224 425 2266 111
451 2208 578 2284 amplius
605 2206 730 2265 1111111
755 2205 792 2264 ab
815 2207 929 2265 1111111
951 2205 1117 2278 timebitur,
1145 2222 1232 2269 vers:

237 2306 292 2365 15.
352 2308 481 2368 1415.
513 2307 593 2384 quod
612 2307 807 2383 conjicientur
827 2308 857 2364 in
878 2307 1026 2366 infernum
1052 2308 1102 2385 qui
1127 2313 1234 2367 contra

339 2407 506 2468 Ecclesiam
525 2406 647 2481 axillis,
666 2422 751 2466 vers:
778 2408 832 2466 16.
853 2410 906 2482 17,

179 2533 332 2625 11.17.ί
366 2531 446 2609 Gap:
464 2532 536 2591 LV:
569 2532 657 2608 Quod
683 2550 701 2591 a
722 2532 850 2593 Domino
876 2535 968 2609 gratis
996 2535 1148 2609 recepturi
1173 2535 1235 2591 sint

340 2649 423 2702 vera,
441 2649 525 2693 vers:
549 2635 578 2691 1.
610 2633 690 2710 quod
706 2633 842 2711 rejicient
859 2633 932 2692 talia
950 2633 1058 2709 quibus
1076 2649 1135 2692 rron
1153 2634 1233 2692 inest

341 2734 404 2790 vita
421 2732 594 2808 spiritualis,
614 2748 700 2795 vers:
722 2737 753 2791 2.

181 2848 237 2906 11.
263 2846 316 2906 17.
371 2848 451 2926 quod
468 2866 571 2909 verum
589 2852 620 2908 in
638 2868 696 2926 quo
717 2853 792 2924 vita,
826 2858 856 2910 11
873 2869 928 2928 per
946 2852 1026 2928 quod
1051 2820 1231 2928 conjunctio,

342 2948 461 3008 dabitur
479 2965 497 3007 a
513 2948 656 3023 Domino,
683 2966 769 3012 vers:
791 2953 821 3011 8.
839 2955 871 3022 4,

258 3067 312 3124 11.
368 3066 447 3143 quod
465 3066 503 3125 ad
519 3066 680 3126 Dominum
698 3071 859 3145 accessuri,
880 3072 931 3147 qui
947 3069 1053 3148 Ipsum
1070 3087 1129 3129 norr
1146 3072 1233 3147 prius

343 3173 501 3235 noverunt,
517 3183 603 3226 vers:
628 3167 656 3227 5.
680 3169 709 3227 6.
737 3167 775 3228 de
795 3171 1014 3247 resipiscentia,
1033 3186 1120 3230 vers:
1142 3174 1173 3230 7.

254 3286 309 3342 17.
363 3284 443 3361 quod
460 3303 519 3344 non
537 3287 633 3344 sciant
657 3288 752 3358 viam,
784 3306 840 3364 per
865 3305 954 3365 quam
979 3289 1124 3359 salvatio,
1146 3303 1232 3348 vers:

346 3386 375 3443 8.
392 3388 421 3444 9.
459 3385 537 3463 quod
555 3402 611 3463 per
629 3387 792 3449 adventum
808 3388 937 3463 Domlni,
956 3404 1043 3448 vers:
1066 3390 1121 3447 10.
1144 3390 1200 3448 11.

256 3487 311 3544 17.
368 3486 448 3564 quod
464 3504 521 3564 per
537 3486 568 3546 id
585 3486 682 3546 solum
701 3486 829 3547 felicitas
847 3486 998 3557 coelestis,
1011 3504 1096 3548 vers:
1119 3490 1180 3562 12;

179 3605 234 3663 11.
257 3606 312 3663 17.
363 3612 394 3665 11
408 3602 465 3682 pro
482 3607 561 3665 malo
581 3612 611 3665 et
629 3606 706 3666 salso
719 3605 832 3665 bonum
851 3611 881 3667 11
894 3622 999 3670 verum
1017 3608 1047 3665 in
1066 3612 1233 3680 aeternum,

341 3720 426 3762 vers:
450 3707 504 3765 13.

204 3804 235 3862 1.
259 3803 313 3863 17.
367 3802 446 3881 Cap:
479 3803 564 3862 LVI:
608 3803 696 3879 Quod
724 3812 871 3866 venturus
901 3806 1048 3866 Dominus
1081 3803 1233 3877 Salvator,

341 3918 426 3964 vers:
455 3907 485 3963 1.
516 3902 588 3962 felix
607 3905 657 3979 qui
674 3911 809 3965 sanctam
821 3905 913 3965 habet
926 3909 1066 3966 unionem
1080 3905 1183 3965 Divinl
1202 3910 1233 3963 11

338 4002 479 4080 Humani,
498 4020 533 4062 ac
548 4002 666 4063 Domini
685 4021 753 4064 cum
770 4005 917 4081 Ecclesia,
936 4023 1022 4066 vers:
1044 4008 1075 4064 2.
1134 4034 1136 4036 v

61 4160 68 4171 ,
180 4104 233 4163 10.
256 4106 310 4164 17.
363 4120 419 4164 nec
449 4103 551 4165 credat
582 4105 649 4193 quis
675 4104 804 4182 quoda
830 4104 959 4166 Domino
991 4112 1150 4181 separatus
1181 4104 1229 4180 sit,

340 4218 427 4265 vers:
451 4204 480 4267 3.
539 4194 542 4203 ¹
