2528 4808
145 346 179 396 78
296 334 426 388 HOSCll:
447 333 524 388 CAP.
543 333 615 397 XIV,
640 334 666 393 5.
690 365 722 376 -
739 331 830 386 JOEL
850 332 930 389 CAP.
951 332 999 397 ΠΙ,
1021 341 1048 391 2.

224 498 276 553 ll.
315 492 394 568 quod
418 494 461 550 sic
488 491 662 566 acceptandi
686 493 717 548 in
741 491 925 561 Ecclesiam,
963 509 998 550 ac
1023 493 1198 550 informandi

308 597 338 651 in
357 594 422 669 ejus
439 594 520 650 veris
540 598 569 649 ct
586 591 680 665 bunia,
699 607 785 651 vers:
809 594 837 650 5.
862 595 891 650 6.
916 597 945 651 1.

225 699 276 754 11.
312 693 391 769 quod
410 694 583 769 rejicientur
600 691 686 760 salsa,
703 708 790 750 vers:
823 694 852 767 8,
880 693 949 752 inde
968 692 1143 752 intellectus
1163 709 1197 752 ex

308 795 418 852 lumine
437 791 589 861 rationali,
615 809 698 850 vers:
723 795 752 851 9.

587 961 820 1030 ioel-

248 1104 279 1157 2.
333 1096 412 1173 Cap:
432 1096 456 1153 Ι.
510 1095 548 1153 ad
567 1112 669 1153 omnes
689 1099 739 1171 qui
765 1095 802 1152 ab
821 1095 971 1170 Ecclesia,
1000 1111 1089 1154 vers:
1114 1099 1144 1153 1.
1166 1100 1195 1152 2.

312 1201 343 1257 3.
371 1196 572 1273 quodfalsum
588 1213 624 1254 ex
638 1196 770 1254 sensuali
783 1195 902 1255 homine
918 1203 947 1255 et
960 1202 1068 1272 postea
1086 1196 1196 1254 malum

307 1298 375 1356 iude
395 1299 592 1356 consumserit
610 1300 708 1354 omnia
727 1297 801 1373 ejus,
821 1313 907 1355 vers:
930 1300 961 1355 4.

249 1404 278 1460 2.
329 1406 363 1456 ut
379 1399 567 1472 resipiscant,
587 1398 657 1472 qnia
674 1397 786 1454 malum
801 1415 837 1456 ex
856 1397 990 1456 sensuali
1003 1397 1123 1456 homine
1143 1398 1196 1458 de-

309 1500 452 1557 struxerit
464 1499 550 1554 varia
566 1497 731 1566 Ecclesiae,
749 1514 833 1559 vers:
858 1500 886 1557 5.
906 1501 935 1556 6.
955 1504 984 1556 7.

249 1604 279 1657 2.
332 1599 430 1657 luctus
451 1597 530 1673 quod
546 1597 625 1655 bona
643 1605 673 1655 et
689 1616 762 1656 vera
781 1598 936 1658 Ecclesiae
956 1599 1111 1658 destructa
1129 1602 1195 1673 sint,

309 1716 392 1757 neers:
415 1698 481 1755 8ad
498 1700 549 1756 13.
570 1697 737 1757 exhortatio
751 1705 785 1756 ut
796 1705 971 1758 convertant
985 1716 1027 1776 se,
1043 1717 1124 1758 vers:
1144 1704 1197 1770 14,

249 1805 277 1858 i.
333 1806 362 1857 et
381 1801 511 1874 cogitent
529 1798 609 1874 quod
634 1802 677 1857 sic
695 1799 831 1857 ultimum
854 1807 972 1875 tempus
992 1800 1112 1876 quando
1132 1801 1195 1858 Do·

248 1913 251 1921 ·
309 1903 406 1958 minus
420 1907 564 1956 venturus
584 1906 638 1972 est,
659 1917 743 1957 vers:
767 1901 820 1959 15.

247 2005 276 2061 3.
329 2010 358 2060 et
390 1999 470 2081 quod
500 2016 586 2058 omne
616 1999 773 2059 Ecclesiae
801 2001 989 2059 devastatum
1017 2004 1070 2075 sit,
1111 2019 1195 2062 vers:

313 2104 445 2160 16.17.

245 2206 275 2262 3.
330 2219 422 2278 quare
440 2201 627 2273 lamentatio,
656 2217 740 2259 vers:
767 2203 808 2259 18
825 2201 931 2259 auso.

172 2305 274 2362 1.15.
330 2303 409 2378 Cap:
439 2301 478 2359 ΙΙ.
520 2300 608 2376 Qriod
638 2300 784 2358 Dominus
813 2308 958 2360 venturus
989 2309 1020 2360 et
1047 2303 1195 2379 judicium

307 2405 457 2476 facturus,
476 2420 559 2461 vers:
584 2406 612 2459 1.
635 2405 664 2459 2.

245 2508 274 2564 3.
328 2504 445 2583 quando
472 2504 580 2562 salsum
605 2508 635 2561 et
652 2502 763 2560 malum
788 2520 824 2562 ex
849 2503 982 2561 sensuali
1004 2503 1196 2562 destruxerat

309 2612 401 2663 totam
420 2604 596 2678 Ecclesiam,
619 2620 702 2663 vers:
724 2606 754 2660 2.
778 2605 806 2662 3.

246 2709 276 2765 3.
331 2703 537 2780 quodfalsum
555 2703 626 2761 mali
643 2704 810 2778 pervarias
824 2706 955 2763 insanias
975 2703 1195 2762 destructurum

308 2808 346 2862 sit
365 2807 464 2861 omnia
483 2805 564 2880 ejus,
581 2820 667 2862 vers:
689 2807 708 2862 4
726 2803 764 2861 ad
783 2807 812 2862 9.

246 2908 276 2964 3.
331 2903 411 2980 quod
434 2903 603 2979 dispersum
633 2907 672 2961 sit
696 2905 915 2963 omnebonum
943 2910 973 2964 et
996 2922 1102 2963 verum
1129 2921 1194 2964 cum

206 3048 209 3053 -
308 3003 524 3080 cognitionibus
541 3005 674 3077 illorum,
693 3020 778 3062 vers:
802 3006 856 3063 10.

246 3111 274 3163 7.
326 3104 406 3180 quod
422 3106 568 3165 Dominus
585 3111 772 3183 pugnaturus
790 3109 829 3164 sit
846 3123 913 3165 cum
930 3105 1006 3175 illis,
1031 3122 1116 3165 vers:
1141 3111 1193 3165 11.

307 3205 472 3264 exhortatio
501 3211 534 3263 ut
558 3212 733 3265 convertant
760 3223 794 3264 se
817 3206 855 3264 ad
876 3206 995 3282 Ipsum,
1025 3213 1054 3266 et
1078 3207 1195 3266 illorum

304 3308 473 3381 poeniteat,
493 3311 523 3364 et
536 3309 664 3382 sapiant,
684 3322 769 3364 vers:
792 3310 834 3365 12
853 3307 892 3365 ad
912 3309 968 3364 11.

220 3410 274 3476 11.
329 3406 416 3482 Quod
434 3408 580 3466 Dominus
598 3406 777 3466 instaurabit
793 3406 976 3481 Ecclesiam,
1003 3410 1053 3467 cui
1070 3408 1194 3467 daturus

246 3547 248 3551 ψ
308 3515 354 3566 est
373 3508 437 3585 ejus
456 3508 535 3567 bona
554 3515 583 3567 et
600 3525 688 3579 vera,
706 3522 789 3565 vers:
817 3509 870 3566 18.
889 3509 945 3565 19.
973 3524 1009 3566 ac
1029 3508 1108 3567 falsa
1125 3509 1194 3567 mali

306 3614 490 3683 remoturus,
511 3616 542 3667 et
560 3610 602 3666 sic
620 3608 776 3682 infernum,
796 3624 882 3666 vers:
905 3608 960 3666 20.

219 3711 273 3765 11.
327 3707 414 3782 quod.
433 3711 490 3766 erit
510 3709 569 3766 illis
595 3708 705 3767 fiducia
731 3711 761 3768 in
783 3709 959 3782 Dominum,
992 3727 1028 3768 ex
1054 3727 1115 3785 qua
1135 3709 1194 3769 illis

302 3806 382 3864 bona
400 3814 430 3864 et
447 3805 555 3877 felicia,
573 3825 660 3868 vers:
682 3794 850 3883 bladae,

219 3909 273 3964 11.
327 3912 358 3963 et
375 3908 486 3982 agnitio
505 3925 540 3966 cx
558 3908 657 3979 corde,
675 3925 744 3968 vers
765 3910 821 3968 26.
843 3913 899 3967 11.

219 4010 272 4065 ll.
325 4004 405 4082 Cap:
424 4006 478 4065 Hi.
503 4006 594 4082 Quod
606 4007 753 4068 Dominus
773 4007 882 4068 Divino
903 4026 958 4068 suo
972 4008 1111 4085 implebit
1128 4026 1192 4069 om-

303 4105 389 4164 nibus
406 4107 473 4166 illos
493 4110 544 4182 qui
561 4108 598 4165 ab
618 4127 654 4168 ea
670 4109 823 4182 Ecclesia,
848 4116 878 4168 et
897 4109 1078 4181 vivificabit,
1107 4127 1191 4173 vers:

308 4209 390 4277 1,⁴2.
