2528 4808
102 359 137 414 34
348 347 479 404 runnu:
501 347 581 406 cnr.
603 345 662 403 10.
685 356 699 408 1
724 345 845 414 -xvu,
868 357 895 409 1.

264 511 327 571 0110
344 513 519 571 intercessio
537 527 592 587 pro
610 508 686 578 illis,
711 524 796 568 vers:
829 512 857 567 1.
891 495 970 585 quod
989 511 1154 587 conjicien-

264 615 359 671 turin
381 612 542 686 infernum,
574 610 626 669 ubi
645 609 723 669 10100
747 615 777 669 01
801 609 880 668 10010
904 613 999 670 010010
1022 614 1153 688 generis,

264 730 348 773 vers:
371 717 401 772 2.
424 715 454 773 3.

204 815 233 874 3.
285 812 363 891 quod
380 813 418 872 ab
436 814 573 874 Ecclesia
597 811 773 888 expellendi,
788 829 875 871 vers:
897 815 928 870 4.
949 813 978 871 3.
1012 816 1083 889 0010
1101 831 1154 873 re·

264 921 531 985 000001001,00101
554 916 583 973 6.

203 1018 232 1076 3.
286 1016 365 1093 quod
383 1034 440 1075 non
458 1019 496 1074 sit
510 1016 568 1074 illis
582 1014 704 1090 aliquod
717 1032 830 1085 vorum,
848 1031 933 1073 vers:
958 1019 987 1072 7.
1008 1017 1153 1090 quianon

262 1135 366 1176 verum
384 1117 451 1178 idco
469 1118 593 1186 falsum,
610 1133 694 1174 vers:
717 1118 746 1174 8.

128 1220 158 1280 3.
177 1220 231 1279 15.
287 1208 366 1296 quod
382 1218 503 1278 desierit
519 1217 655 1276 Ecclesia
669 1216 749 1293 apud
765 1215 847 1290 11100,
867 1233 951 1275 001οε
974 1218 1003 1274 9.
1028 1219 1083 1295 10.

264 1321 343 1397 quod
360 1328 494 1396 tempore
508 1318 614 1396 judicii
631 1318 690 1376 illis
711 1319 841 1391 exitium,
860 1333 945 1376 vere:
968 1320 1022 1377 11.

153 1424 183 1482 3.
208 1425 235 1480 1.
287 1421 368 1496 quod
394 1420 540 1497 deperditi
564 1438 591 1493 a,
605 1419 689 1477 101010
721 1436 736 1476 0
765 1418 894 1476 00101011
917 1418 1054 1494 homine,
1081 1418 1149 1480 iude

264 1521 322 1579 illis
342 1538 400 1579 non
417 1538 489 1580 0010
508 1537 544 1579 ex
562 1519 672 1595 Verbo,
693 1519 773 1595 quod
791 1537 828 1580 ca
846 1519 1042 1595 auferrentur,
1062 1537 1147 1580 vers:

267 1623 469 1683 121314.

153 1729 180 1781 7.
204 1725 233 1781 8.
284 1721 330 1780 Dc
348 1723 488 1794 Domino,
514 1728 544 1780 et
566 1722 602 1781 de
625 1720 726 1798 Ipsius
744 1725 852 1798 pugnis
872 1739 909 1780 ex
926 1720 1037 1781 Divino
1056 1722 1146 1793 Vero,

262 1839 347 1882 vers:
371 1825 424 1882 15.
443 1826 496 1881 16.
521 1823 632 1900 quoda
650 1824 733 1881 lalcis
753 1840 854 1881 eorum
867 1823 931 1900 Ipsi
948 1822 1041 1897 dolor,
1060 1839 1145 1884 vers:

267 1927 320 1983 11.
348 1926 402 1983 18.
435 1925 515 2001 quod
530 1925 594 2002 Ipsi
619 1925 742 1983 m‘ctoria
766 1941 856 2001 super
880 1923 962 1997 illos,
988 1941 1073 2003 001οε
1103 1924 1142 1983 19

180 2098 182 2103 ¹
263 2025 301 2083 ad
317 2027 371 2084 21.
632 2032 638 2044 ·
1094 2007 1098 2014 ’

202 2127 231 2186 3.
286 2125 468 2203 1100111111.
505 2127 593 2203 Quod
614 2144 681 2186 cum
706 2126 758 2185 illa
778 2126 916 2186 Ecclesia
940 2143 1000 2184 non
1017 2128 1057 2185 sit
1074 2143 1143 2187 con·
1183 2182 1188 2193 ,

257 2228 371 2305 junctio
399 2245 465 2286 cum
483 2228 625 2298 Domino,
660 2231 729 2304 quia
755 2245 813 2286 non
838 2227 880 2286 ibi
902 2244 976 2286 vera
1002 2235 1032 2287 01
1058 2227 1140 2297 bona,

261 2345 344 2386 vers:
369 2332 451 2387 aa.
473 2331 503 2388 3.
885 2308 892 2321 '
1029 2390 1034 2402 ,

179 2429 233 2490 15.
288 2429 367 2506 quod
379 2446 438 2488 non
456 2431 574 2507 possint
591 2447 650 2489 non
667 2431 773 2507 projici
791 2432 820 2487 in
833 2430 989 2512 infernum,
1009 2447 1094 2490 vers:
1113 2432 1141 2488 4.

264 2532 344 2608 quod
361 2531 443 2591 nulla
461 2532 611 2591 miseratio
629 2534 726 2608 possit
744 2531 822 2605 dari,
842 2539 926 2590 vers:
951 2532 978 2589 5.
998 2533 1027 2589 6.
1050 2536 1079 2590 7.

203 2635 232 2692 3.
287 2636 356 2709 0010
374 2633 411 2690 ab
429 2633 487 2692 illis
510 2651 569 2691 non
592 2633 712 2709 aliquod
734 2632 844 2690 bonum
870 2638 899 2690 01
920 2649 1026 2705 verum
1045 2638 1146 2708 potest

260 2735 370 2809 recipi,
396 2750 479 2793 vers:
508 2736 537 2792 8.
573 2734 652 2810 quod
676 2736 769 2793 omnis
794 2733 961 2810 conjunctio
986 2749 1054 2791 curn
1080 2733 1146 2803 Do-

260 2834 338 2891 mino
355 2833 496 2892 cumillis
513 2836 649 2909 perierit,
676 2851 763 2894 vers:
786 2837 815 2892 9.

200 2934 229 2992 3.
285 2933 365 3009 quod
381 2934 437 2992 hoc
455 2933 523 2992 inde
548 2936 601 3004 sit,
634 2938 704 3012 0010
725 2932 882 2994 abiverant
899 2954 918 2993 0
935 2935 1061 2995 colendo
1080 2936 1146 2995 Do-

260 3035 378 3111 mlnum,
400 3033 468 3093 inde
486 3034 584 3094 cultus
601 3054 660 3095 non
676 3036 743 3111 Dei,
761 3053 848 3095 vers:
871 3039 925 3095 10.
945 3039 1000 3094 11.

125 3135 154 3192 3.
178 3135 231 3192 15.
284 3135 353 3194 inde
374 3138 499 3212 quisque
518 3153 556 3194 ex
573 3137 689 3210 000011
706 3155 829 3214 sapere,
855 3155 938 3197 vers:
963 3141 1016 3196 12.
1050 3156 1148 3215 00010

259 3236 418 3295 ininferna
438 3243 532 3310 01001,
552 3254 636 3296 vers:
661 3240 714 3297 13.

177 3339 230 3396 11.
284 3338 363 3415 quod
381 3339 430 3397 elii
449 3356 467 3394 a
483 3337 610 3397 Domino
631 3337 669 3396 ad
686 3339 850 3399 Ecclesiam
869 3338 1057 3398 adsciscendi
1075 3341 1143 3414 siut,

259 3456 342 3498 vers:
384 3442 437 3499 14.
474 3440 528 3499 15.
572 3447 634 3498 1010
663 3440 815 3500 naturales
852 3458 939 3518 quam
969 3439 1143 3514 rationales,

261 3559 344 3600 vers:
373 3541 538 3620 16.[17.]

123 3641 230 3700 3.11.
284 3641 364 3717 quod
392 3643 547 3702 retributio
576 3642 649 3718 illis,
686 3644 737 3718 qui
767 3645 851 3719 prius
877 3642 1147 3719 prophanaverunt

258 3741 431 3811 Ecclesiam,
450 3759 536 3802 vers:
558 3746 611 3803 18.
640 3744 720 3821 quod
736 3743 787 3817 illi,
808 3761 846 3803 ex
866 3743 974 3820 quibus
991 3743 1145 3820 Ecclesia,

258 3843 386 3929 agnituri
407 3845 466 3900 sint
482 3843 650 3919 Dominum,
669 3861 753 3904 vers:
777 3846 830 3902 19.
849 3848 903 3904 20.
923 3847 979 3902 21.

199 3944 228 4019 3.
283 3941 361 4017 Cap:
386 3942 486 4001 XVII.
521 3943 599 4019 quod
622 3947 653 4004 in
681 3946 803 4005 internis
829 3963 930 4004 eorum
955 3947 1007 4018 sit,
1041 3946 1146 4007 colere

256 4043 342 4102 modo
363 4051 499 4117 externa,
526 4061 611 4105 vers:
643 4049 669 4103 1.
693 4050 722 4105 2.
758 4046 837 4123 quod
861 4049 958 4106 omnia
976 4047 1145 4108 scientifica

177 4189 179 4192 >
222 4220 225 4227 ²
257 4163 329 4204 0010
346 4147 539 4220 auferrentur,
559 4163 642 4205 vers:
665 4148 694 4221 3,

197 4250 226 4306 3.
277 4247 414 4325 nondum,
433 4247 512 4324 quod
528 4250 558 4306 in
576 4247 722 4307 infernum
739 4251 863 4324 venturi,
883 4263 969 4306 vers:
990 4250 1021 4322 4,
