2528 4808
102 358 156 411 100
338 346 470 401 essen:
500 345 603 410 xxm,
625 354 661 405 ra
685 343 864 410 -xxxvn
886 352 931 405 aa.

206 510 234 567 6.
288 524 325 564 ex
344 505 553 581 desperatione
572 510 682 580 putans
700 519 734 561 se
753 502 898 576 relictum,
918 502 1055 577 sednon,
1076 521 1157 563 vers:

229 659 234 669 .
269 608 324 665 23.
353 607 392 663 sit
409 605 518 662 fiducia
534 605 565 661 iu
583 604 753 672 Dominum,
773 619 858 661 vers:
882 607 937 661 24.
956 605 1013 662 25.

207 711 236 765 6.
290 704 500 765 PszXXXII.
536 704 623 779 Quod
637 704 737 780 justus
755 703 862 779 boatus
881 705 935 772 sit,
959 720 1047 762 vers:
1078 707 1107 763 1.
1128 710 1181 790 2&

265 807 397 883 gravitas
415 807 610 863 tentationum
628 804 818 876 describitur,
843 821 928 862 vers:
950 805 980 861 3.
999 807 1031 862 4.
1047 805 1052 814 ’

205 911 235 966 6.
289 905 437 964 consessio
455 905 672 978 infirmitatum,
699 910 729 962 et
747 904 826 978 quod
844 904 1004 975 liberatus,
1029 922 1115 964 vers:
1139 909 1155 964 5

264 1005 303 1064 ad
320 1012 348 1064 1.
378 1005 456 1082 quod
470 1005 602 1080 sapiens
619 1021 704 1063 vers:
729 1008 757 1062 8.
777 1006 805 1061 s.
833 1011 866 1061 ut
877 1006 917 1062 sit
934 1004 1054 1075 fiducia,
1072 1023 1156 1064 vers:

268 1111 399 1166 10.11.
962 1115 964 1119 ’
1103 1133 1105 1139 ’

137 1263 140 1276 ,
180 1210 234 1265 16.
288 1208 346 1266 Ps:
366 1205 516 1266 XXXIII.
555 1204 723 1263 Celebratio
742 1204 862 1262 Domini
880 1212 1004 1280 propter
1022 1206 1103 1281 qnod
1121 1207 1159 1264 ab

263 1308 335 1384 Ipso
352 1307 489 1366 Ecclesia
507 1323 561 1381 per
578 1303 724 1374 Verbum,
743 1321 827 1362 vers:
851 1309 865 1363 1
886 1305 926 1362 ad
944 1307 972 1362 9.

204 1410 233 1467 3.
284 1415 434 1482 utcunque
467 1406 536 1462 mali
572 1412 757 1480 repugnant,
811 1421 907 1481 usquo
948 1407 1020 1479 erit,
1072 1424 1157 1466 vers:

269 1511 399 1567 10.11.

181 1610 235 1664 11.
288 1607 369 1665 beati
383 1607 433 1682 qui
452 1605 488 1662 ab
508 1605 560 1663 illa
576 1603 730 1674 Ecclesia,
753 1623 836 1664 vers:
866 1607 963 1664 l2ad
983 1609 1038 1666 15.
1077 1609 1158 1683 qnod

263 1709 385 1782 propria
402 1706 597 1780 intelligentia
614 1706 686 1764 nihil
704 1707 805 1779 saciat,
828 1725 913 1765 vers:
938 1710 991 1766 16.
1012 1712 1066 1766 17.

179 1810 231 1865 11.
286 1806 364 1882 quod
378 1805 530 1864 salventur
546 1809 595 1881 qni
608 1807 736 1864 Domino
755 1807 857 1875 fidunt,
874 1825 959 1866 vers:
984 1811 1027 1867 18
1041 1809 1080 1865 ad
1097 1812 1154 1868 22.

102 1909 157 1968 16.
181 1911 234 1967 11.
287 1907 343 1966 Ps:
369 1906 517 1965 XXXIV.
553 1906 720 1964 Celebratio
744 1907 864 1964 Domini
891 1908 969 1982 quod
990 1908 1098 1967 llberet
1117 1910 1156 1967 ab

264 2009 342 2066 omni
362 2007 438 2064 malo
456 2007 523 2064 illos
538 2009 588 2082 qui
605 2006 699 2065 fidunt
714 2008 787 2082 Ipsi,
808 2025 891 2066 vers:
915 2007 984 2065 lad
999 2012 1054 2066 12.
1075 2009 1156 2085 quod

202 2110 232 2165 3.
260 2114 360 2167 servet
372 2109 476 2176 bonne,
496 2114 525 2164 et
544 2107 622 2182 quod
635 2114 761 2184 pereant
779 2108 857 2176 mah,
874 2125 958 2166 vers:
982 2111 1025 2168 13
1042 2109 1081 2167 ad
1093 2111 1152 2168 23.

152 2213 181 2266 7.
204 2210 234 2267 8.
287 2208 343 2266 Ps:
362 2207 496 2266 XXXV.
525 2207 571 2265 De
590 2211 698 2284 pugnis
716 2208 837 2266 Domini
856 2214 958 2266 contra
978 2209 1102 2281 inferna,
1125 2217 1156 2268 et

262 2308 298 2367 de
312 2308 520 2384 subjugatione
538 2285 567 2365 et
580 2311 779 2384 prostratione
795 2308 921 2381 illorum,
936 2326 1021 2368 vers:
1041 2313 1055 2367 1
1070 2307 1108 2368 ad
1120 2312 1151 2368 9.

151 2409 180 2466 9.
201 2413 233 2467 4.
287 2408 365 2485 qnod
383 2407 536 2467 intendant
552 2409 617 2484 Ipsi
637 2416 762 2467 mortem
785 2426 840 2484 pro
866 2425 901 2466 eo
920 2409 1000 2483 quod
1016 2409 1076 2468 illis
1094 2410 1152 2470 bo·

261 2527 330 2567 num
348 2509 434 2582 velit,
462 2508 539 2566 unde
553 2509 616 2585 Ipsi
635 2509 732 2584 dolor,
752 2526 837 2566 vers:
860 2511 903 2567 10
916 2508 954 2566 ad
967 2513 1022 2569 16.

151 2610 181 2664 4.
207 2611 236 2666 8.
292 2608 393 2668 Oratio
409 2616 440 2665 ut
458 2608 567 2666 abillis
587 2615 731 2679 servetur,
750 2609 828 2667 unde
845 2609 909 2684 Ipsi
928 2612 983 2667 erit
1000 2610 1151 2686 gaudum,

259 2726 342 2767 vers:
367 2710 485 2766 1718.
505 2709 583 2782 quod
601 2708 812 2785 blasphement
823 2709 943 2784 Ipsum,
957 2727 1035 2768 vers:
1056 2713 1099 2769 19
1113 2708 1152 2768 ad

262 2811 316 2864 21.
338 2812 392 2866 25.

199 2911 228 2966 8.
282 2907 360 2981 quod
379 2925 415 2966 ex
429 2907 537 2965 Divino
556 2925 610 2966 suo
625 2909 779 2984 superabit
795 2909 878 2984 illos,
907 2925 992 2968 vers:
1020 2913 1075 2968 22.
1095 2913 1151 2970 23.

173 3008 226 3065 16.
280 3006 348 3066 inde
368 3006 566 3066 celebrabitur
579 3010 697 3086 justitia
713 3010 843 3079 DominI,
860 3027 944 3069 vers:
967 3013 1022 3068 11.
1041 3015 1097 3070 28.

196 3110 228 3164 4.
280 3107 336 3165 Ps:
356 3107 505 3166 XXXVI.
535 3108 583 3167 Dc
601 3109 764 3186 hypocritis
784 3111 864 3186 quod
880 3110 990 3169 malurn
1009 3111 1149 3188 cogitent,

256 3223 340 3266 vers:
364 3211 377 3265 1
398 3207 436 3265 ad
455 3210 483 3267 5.

172 3310 225 3366 16.
277 3307 355 3384 quod
370 3309 588 3384 agnoscendum
605 3310 684 3385 quod
702 3327 788 3368 omne
806 3311 915 3368 bonum
937 3318 967 3370 et
987 3328 1093 3371 rerum
1110 3313 1148 3370 sit

255 3427 274 3468 a
290 3410 432 3494 Domino,
452 3427 536 3468 vers:
560 3411 629 3471 8ad
642 3412 696 3468 10.

168 3511 223 3567 16.
276 3510 354 3585 quod
372 3512 431 3568 sInt
447 3510 506 3568 illis
526 3513 575 3587 qni
599 3517 763 3586 agnoscunt
779 3511 953 3586 Dominum,
974 3527 1061 3571 vers:
1090 3515 1144 3569 11.

168 3609 221 3665 17.
276 3609 354 3683 qnod
367 3609 513 3669 Dominus
529 3616 642 3669 tutetur
655 3611 770 3685 amalo,
791 3618 821 3670 et
835 3611 914 3688 qnod
927 3611 997 3669 mali
1009 3618 1143 3688 pereant,

251 3722 335 3765 vers:
359 3712 412 3766 12.
629 3689 631 3693 ἲ

140 3803 170 3862 3.
194 3808 223 3863 8.
276 3806 334 3865 Ps:
358 3807 523 3866 XXXVII.
556 3808 745 3885 Comparatio
769 3812 845 3868 inter
869 3818 980 3869 sortem
998 3811 1143 3870 malorum

252 3911 281 3964 et
298 3914 409 3964 sortem
426 3907 579 3984 bonorum;
600 3910 679 3985 qnod
693 3909 773 3983 mali,
794 3913 914 3969 tametsi
926 3910 1011 3970 brevi
1027 3911 1140 3984 florent,

189 4006 219 4063 3.
247 4021 343 4080 usque
373 4015 512 4082 pereant,
548 4017 577 4066 et
603 4009 780 4086 dejIciantur
809 4012 839 4067 in
868 4011 1030 4085 hiemum,
1057 4026 1140 4069 vers:

254 4107 1139 4170 111110.111115,111111113135.
1186 4171 1188 4175 .

252 4207 307 4265 36.
332 4205 386 4264 38.
1103 4240 1106 4244 -
