2528 4808
372 338 505 391 eslim:
528 337 665 403 rnnxv,
689 349 704 400 o
728 340 821 402 -xc
845 350 870 400 o.
1060 416 1064 427 .
1095 351 1149 402 111

85 500 210 573 florebit,
231 516 308 575 quae
322 506 466 574 agnoscet
479 498 651 570 Dominum,
672 499 827 557 ambulans
844 503 874 557 in
894 503 972 558 veris
1013 504 1069 559 11.

85 617 170 657 νοτες
194 599 266 659 Dad
283 603 337 657 14.

135 701 192 759 Ρες
211 700 387 758 LXXXVI.
416 699 519 759 Oratio
538 702 659 759 Domini
677 701 715 758 ad
733 700 854 759 Patrem
873 705 905 758 ut
922 717 973 761 as·
1014 704 1067 761 13.
1093 704 1121 762 5.

84 804 173 860 sistat
189 803 219 858 in
238 801 463 874 tentationibus,
487 817 570 859 vers:
597 806 610 859 1
632 802 670 859 ad
686 804 714 861 8.

137 904 208 978 qnia
225 902 267 959 sic
286 901 382 960 cultus
397 903 527 975 Domini,
549 908 578 960 et
597 903 747 961 confessio
762 901 872 977 Ipsius,
892 919 973 962 vers:
1017 906 1070 961 11.
1094 905 1149 962 16.

89 1006 219 1068 11.12.

137 1103 217 1180 quod
234 1104 349 1161 inferna
367 1107 530 1178 insurgant,
550 1120 637 1160 vers:
664 1106 704 1163 13
720 1104 758 1161 ad
776 1108 830 1162 14.
1015 1110 1043 1162 7.

137 1205 216 1280 quod
229 1210 455 1279 prosternentur
470 1222 506 1262 ex
521 1207 702 1272 assistentia,
718 1222 797 1263 νοτες
818 1209 831 1263 1
844 1206 859 1263 5
872 1204 974 1263 adli.
1016 1209 1046 1264 8.

135 1305 190 1364 Ρες
211 1299 400 1363 LXXXVII.
428 1303 597 1364 celebratio
612 1305 732 1363 Domini
746 1324 764 1363 a
777 1323 856 1363 nova
869 1304 977 1364 Eccle-
1016 1309 1069 1364 16.
1086 1307 1142 1366 11.

39 1429 42 1433 ·
86 1408 142 1475 sia,
160 1423 237 1481 quae
256 1405 443 1481 abundique
463 1405 628 1481 colligetur,
647 1422 735 1464 vers:
772 1410 786 1464 1
805 1406 843 1463 ad
862 1410 890 1463 7.

138 1507 195 1564 Ρες
215 1505 420 1564 LXXXVIII.
448 1508 595 1564 Dominus
610 1505 648 1563 ad
661 1506 781 1565 Patrem
795 1508 824 1565 in
838 1507 979 1566 tentatio·
1019 1508 1073 1565 13.
1093 1512 1121 1564 7.

84 1606 174 1665 nibus
194 1624 272 1681 quae
292 1623 387 1681 usque
406 1607 444 1664 ad
463 1607 719 1682 desperationem,
741 1607 820 1682 quod
838 1609 916 1665 sicut
933 1609 980 1665 vi-

86 1714 155 1765 ctus
176 1707 214 1764 ab
230 1707 435 1777 iusernalibuS,
449 1718 540 1766 ’νοτες
565 1711 579 1764 1
598 1708 635 1765 ad
654 1709 706 1766 10.
732 1711 774 1765 14
788 1708 827 1766 ad
844 1712 898 1768 19.

136 1808 217 1883 quod
233 1808 299 1866 Deo
317 1825 376 1865 non
391 1808 488 1883 gloria
504 1826 541 1866 ex
560 1809 693 1877 infernis,
710 1825 789 1866 νοτες
815 1812 853 1866 11
868 1809 906 1866 ad
919 1812 972 1869 13.
1014 1815 1044 1868 7.

134 1909 191 1967 Ρες
212 1908 388 1967 LXXXIX.
423 1908 503 1985 qnod
526 1926 544 1966 a
567 1909 695 1966 DomIno
720 1926 806 1967 omno
831 1910 974 1968 Divinum
1014 1912 1145 1968 13.10.

85 2027 206 2083 rerum,
233 2026 318 2068 vers:
351 2009 422 2067 lad
439 2011 468 2067 3.
516 2008 595 2083 quod
613 2025 680 2067 cum
698 2008 807 2065 Diriuo
830 2009 969 2067 Humano
1039 2013 1093 2069 16.

86 2113 188 2184 unitio,
206 2127 299 2186 quare
314 2127 350 2168 ex
364 2109 435 2185 Ipso
451 2110 594 2167 Divinum
608 2108 732 2176 Verum,
746 2125 824 2166 νοτες
848 2108 916 2166 4οά
927 2110 956 2166 6.

136 2211 215 2286 quod
234 2215 277 2269 sic
295 2211 423 2268 Domino
443 2197 537 2268 omnis
552 2198 699 2285 potentia,
722 2226 804 2269 νοτες
829 2216 843 2268 7
863 2209 901 2269 ad
918 2212 972 2267 10.
1016 2212 1067 2269 10.
1090 2214 1144 2270 16.

91 2314 142 2371 14.
180 2312 259 2387 quod
274 2328 359 2369 omno
380 2310 464 2369 Coeli
487 2320 516 2369 ot
542 2310 696 2370 Ecclesiae
722 2310 761 2367 ab
778 2309 864 2387 Ipso,
892 2326 977 2369 vers:

92 2415 129 2468 ll
149 2414 187 2471 ad
208 2415 258 2471 15.

135 2514 242 2571 beatus
262 2515 312 2588 qui
330 2513 402 2571 fidet
416 2513 562 2586 Domiuo,
591 2529 677 2570 vers:
702 2516 742 2572 16
760 2513 798 2570 ad
817 2516 869 2572 19.
886 2513 978 2572 Pater
996 2547 998 2552 -
1018 2516 1071 2575 12.
1091 2518 1146 2574 16.

87 2613 123 2672 ad
145 2615 321 2683 Dominum,
355 2630 408 2672 sen
441 2614 541 2688 Ipsius
566 2613 708 2670 Diriuum
735 2613 773 2670 ad
796 2613 968 2671 Humanum
1041 2617 1096 2673 io.

84 2713 196 2790 Ipsius,
218 2714 298 2789 quod
314 2731 371 2790 per
395 2717 559 2772 unitionem
582 2717 650 2773 cum
667 2714 739 2790 Ipso
759 2714 973 2790 omnipotentia
1014 2716 1068 2772 10.
1090 2716 1145 2774 16.

87 2823 190 2873 contra
208 2812 336 2888 inferna,
363 2831 447 2872 vers:
474 2817 518 2872 20
533 2814 571 2871 ad
585 2818 640 2873 96.

135 2917 216 2992 quod
235 2918 328 2974 unitio
349 2924 472 2973 aeterna
491 2917 546 2972 erit
565 2932 632 2971 eum
649 2914 735 2990 Ipso,
763 2931 847 2973 vers:
875 2919 917 2973 97
937 2915 975 2973 ad
1013 2917 1068 2973 10.
1088 2917 1143 2974 16.

90 3017 142 3075 30.
171 2995 213 3075 36
233 3016 343 3075 adse.
384 3014 463 3090 quod
487 3017 607 3073 tametsi
635 3015 678 3072 illi
704 3016 754 3090 qui
778 3015 815 3073 ab
841 3015 979 3074 Ecclesia
1029 3014 1094 3076 NB.

87 3124 165 3191 sunt,
187 3116 357 3189 deficerent,
377 3132 474 3191 usque
491 3117 584 3173 unitio
603 3122 728 3175 aeterna
740 3118 798 3174 erit
811 3132 878 3174 cnm
894 3116 975 3191 Ipso,
1016 3118 1070 3174 10.

86 3234 169 3276 νοτες
194 3219 234 3276 31
253 3217 291 3274 ad
310 3218 365 3275 38.

135 3318 173 3375 de
199 3322 289 3393 gente
308 3316 453 3387 Iudaica,
481 3317 560 3392 quod
580 3316 763 3374 'destruxerit
786 3317 972 3391 conjunctio·
1011 3319 1042 3374 4.

87 3435 151 3476 τοττι
168 3435 235 3476 cum
253 3417 340 3493 Ipso,
359 3419 430 3492 quia
447 3416 631 3488 Ecclesiam,
652 3431 738 3473 vers:
762 3417 804 3472 39
822 3415 860 3471 ad
876 3416 932 3472 43.

135 3518 216 3594 quod
233 3533 357 3593 prorsus
374 3516 577 3591 repudiaverit
586 3514 700 3590 Ipsum,
717 3530 795 3571 vers:
815 3513 975 3572 stades.
1014 3516 1045 3573 4.

135 3621 229 3677 oratio
254 3616 292 3675 ad
315 3616 435 3676 Patrem
461 3615 541 3691 quod
565 3617 622 3672 nisi
647 3614 771 3672 assistat
797 3629 856 3672 non
885 3613 974 3672 alicui
1013 3615 1068 3674 13.

86 3722 146 3777 vita
160 3725 292 3794 aeterna,
322 3734 408 3775 vers:
430 3720 473 3774 47
492 3715 530 3774 ad
545 3718 601 3787 49,

133 3821 191 3877 nisi
209 3819 302 3875 unitio
319 3817 380 3891 fiat,
400 3833 486 3874 vers:
511 3817 565 3874 50.
595 3813 674 3891 quod
688 3813 820 3890 alioqqu
837 3830 971 3891 praeva·
1014 3816 1069 3876 10.
1088 3818 1118 3876 8.

84 3917 179 3977 lereut
213 3919 344 3992 inferna,
380 3933 464 3975 vers:
506 3917 548 3975 50
574 3915 612 3973 ad
639 3916 698 3989 52,
729 3914 808 3990 quod
838 3915 978 3989 assistet,

87 4035 169 4077 vers:
195 4020 248 4077 53.

133 4119 192 4177 Ps:
212 4117 277 4176 Xe.
313 4116 401 4193 Quod
418 4118 506 4175 homo
526 4134 563 4174 ex
589 4131 644 4174 suo
664 4115 735 4174 nihil
755 4118 807 4189 sit,
834 4114 888 4174 sed
908 4114 973 4173 Do·
1013 4118 1066 4173 16.

88 4220 180 4277 minus
200 4217 292 4290 solus,
312 4233 397 4275 vers:
422 4221 436 4274 1
457 4215 495 4274 ad
514 4218 542 4275 6.
