2528 4808
331 327 467 382 DANIEL
488 329 565 385 CAP.
586 328 619 395 V,
641 340 676 391 29
701 330 794 397 -VII,
815 341 861 392 22.
1094 347 1127 398 ’11

111 486 205 562 'quod
230 489 273 545 sic
299 486 413 548 finitum
437 491 476 547 sit
498 488 539 547 ibi
564 506 650 548 omne
675 489 844 564 Ecclesiae,
872 507 956 551 vers:
996 495 1026 553 3.

73 589 127 645 29.
152 589 207 645 30.

95 681 98 685 ’
121 687 201 763 Gap:
220 687 274 747 VI.
311 686 400 762 Quod
418 692 581 764 cogitatum
606 692 644 748 sit
669 689 706 749 de
725 690 807 750 cultu
824 692 953 767 Domini,
992 697 1023 753 2.

70 793 102 846 ut
114 790 146 845 in
164 787 310 857 Ecclesia,
329 805 414 847 vers:
438 793 452 848 1
471 790 508 848 ad
524 793 554 848 4.

122 889 204 964 quod
222 888 418 947 deliberatum
432 892 471 948 sit
485 907 577 966 supra
590 890 630 960 id,
646 898 675 949 et
689 890 861 950 conclusum
876 893 957 968 quod
993 898 1023 954 2.

71 987 115 1046 illi
132 987 200 1048 loco
219 987 339 1047 Domini
356 989 540 1059 colerentur,
565 1007 648 1050 vers:
672 993 689 1051 5
706 991 744 1049 ad
761 994 813 1051 10.
991 999 1022 1053 2.

123 1091 173 1146 cui
195 1089 316 1147 decreto
334 1089 377 1146 illi
396 1093 447 1166 qui
464 1089 501 1148 ab
520 1091 657 1150 Ecclesia
674 1091 809 1164 Domini,
835 1099 954 1151 contra·
993 1099 1024 1153 2.
1044 1099 1100 1157 11.

76 1190 218 1263 dicerent,
238 1191 385 1247 sancitum
405 1197 452 1249 est
468 1197 502 1248 ut
518 1209 647 1267 poenam
664 1194 862 1268 inquisitionis
885 1193 959 1251 sub·
1052 1267 1055 1273 .

73 1292 167 1361 irent,
194 1289 276 1364 quod
294 1295 340 1348 est
361 1290 451 1348 fovea
468 1290 589 1349 leonum
606 1294 636 1349 in
656 1309 744 1368 quam
758 1292 868 1350 Daniel
887 1310 959 1352 con-

36 1413 39 1419 ·
68 1390 352 1465 jectuscst,vers:
375 1391 543 1449 1111118,
651 1401 653 1404 ’
786 1456 789 1461 ,

43 1519 45 1523 ν
118 1489 291 1564 scelusque
311 1491 487 1549 custoditis
502 1491 646 1567 Domino,
667 1493 804 1551 ncillam
825 1511 954 1568 poenam
992 1497 1046 1553 11.

71 1589 213 1663 subirent,
232 1606 317 1649 vers:
342 1593 383 1649 19
402 1591 440 1649 ad
456 1595 512 1649 24.

123 1698 229 1749 contra
241 1707 313 1749 vero
327 1691 370 1749 illi
386 1692 481 1766 quiid
495 1692 611 1751 facinus
624 1694 810 1768 invenerunt,
831 1695 958 1771 conjecti
996 1696 1050 1755 15.

71 1796 136 1848 sunt
154 1793 185 1847 in
199 1790 361 1865 infernum,
381 1809 469 1853 verse
492 1793 547 1851 25.

123 1890 223 1949 acilii
247 1893 351 1967 quiin
376 1890 459 1950 cultu
476 1892 596 1951 Domini
620 1893 730 1952 salvati
754 1896 951 1964 sunt,'vers:
991 1898 1046 1954 11.

72 1994 113 2050 26
131 1990 170 2049 ad
184 1993 240 2048 29.

120 2090 202 2167 Cap:
222 2090 293 2150 VH.
320 2091 499 2152 Revelatum
519 2093 555 2151 dc
574 2094 755 2152 successivis
778 2095 952 2150 mutationi·
991 2098 1021 2155 2.

69 2191 123 2251 bus
142 2197 240 2249 status
258 2192 423 2262 Ecclesiae,
441 2209 528 2251 vers:
553 2196 582 2250 1.
597 2197 627 2251 2.
645 2195 674 2251 3.

118 2293 234 2367 primus
254 2292 323 2351 dum
342 2295 372 2351 in
389 2293 545 2352 intellectu
562 2295 627 2352 veri
641 2300 734 2368 erant,
759 2310 845 2353 vers:
867 2296 898 2352 4.
984 2294 1046 2372 [2.]

119 2391 272 2450 secundus
301 2410 369 2451 cum
395 2395 497 2451 sensui
520 2393 625 2452 literae
650 2393 745 2452 Verbi
770 2394 857 2453 modo
889 2403 955 2453 stu·
994 2398 1024 2452 2.

69 2491 180 2566 dorent,
200 2509 287 2551 vers:
311 2495 340 2552 5.
719 2540 720 2544 ,

119 2595 226 2651 tertius
246 2609 314 2650 cum
332 2593 508 2652 falsificatus
530 2600 578 2652 est
603 2609 711 2651 sensns
729 2593 836 2651 literae
854 2592 957 2667 Verbi,
995 2592 1055 2672 [2.]

68 2699 99 2751 et
116 2693 229 2752 iactum
248 2700 282 2751 11
299 2693 409 2752 salsum
428 2698 589 2769 appareret
607 2697 642 2750 ut
659 2710 778 2766 verum,
797 2709 883 2752 vers:
906 2695 936 2752 6.

118 2800 245 2869 quartus
264 2793 384 2869 quando
398 2793 464 2852 sola
480 2794 572 2863 fides,
591 2810 668 2869 quae
687 2795 786 2851 omnia
798 2793 954 2854 Ecclesiae
992 2796 1022 2854 3.

68 2893 225 2963 destruxit,
242 2910 329 2952 vers:
354 2899 382 2952 7.

120 2993 296 3052 confirmata
313 3012 369 3069 per
386 3010 509 3052 sensum
526 2994 632 3052 literae
650 2993 758 3068 Verbi,
776 3010 862 3053 vers:
885 2996 915 3053 8.
994 2994 1057 3073 [3.]

120 3093 202 3170 quod
215 3094 346 3172 judicati
363 3096 423 3152 sint
438 3112 475 3152 ex
493 3092 603 3167 Verbo,
622 3111 708 3153 vers:
732 3096 761 3151 9.
786 3096 840 3153 10.
995 3096 1025 3154 3.

119 3201 151 3254 01
167 3194 244 3254 tides
263 3194 317 3253 illa
333 3210 457 3270 prorsus
474 3194 627 3253 destructa
645 3201 700 3268 est,
718 3210 805 3252 vers:
829 3197 884 3253 11.

118 3311 155 3354 11
174 3297 293 3370 priores
312 3293 477 3352 secundum
496 3297 589 3352 vitam
608 3310 694 3351 suam
709 3294 853 3371 judicati,
870 3310 954 3354 vers:
996 3297 1027 3354 3.
1047 3297 1102 3354 11.

71 3397 127 3454 12.
146 3401 178 3453 ct
194 3387 335 3454 Ecclesia
352 3395 432 3453 11011
451 3402 497 3452 est
514 3394 643 3467 Domini,
662 3410 748 3451 vers:
772 3397 824 3453 13.
843 3393 963 3458 14.11-

67 3488 163 3554 terior
182 3494 344 3570 explicatio
361 3494 489 3569 illorum,
505 3503 591 3552 vers:
618 3493 672 3562 15.
696 3495 750 3550 16.

120 3597 203 3671 quod
224 3601 354 3671 quatuor
371 3595 538 3653 successivi
555 3597 651 3650 status
669 3590 824 3650 Ecclesiae
841 3590 954 3650 intelli·
994 3595 1041 3666 2.Ι

70 3701 186 3771 gantur,
206 3711 295 3754 vers:
326 3696 457 3753 17.18.

88 3787 93 3794 ’
118 3796 199 3871 quod
216 3795 341 3852 ultimus
360 3800 457 3852 status
476 3795 515 3851 sit
534 3792 601 3850 sola
617 3790 692 3850 fides
711 3791 886 3869 confirmata
902 3810 958 3868 per
995 3795 1026 3850 2.

72 3897 226 3956 ratiocinia
253 3901 284 3952 et
312 3912 368 3971 per
392 3893 528 3953 Verbum
551 3892 759 3962 falsificatum,
795 3909 832 3957 ex
857 3892 966 3968 quibus

74 3996 296 4070 praevalerent,
315 4011 400 4053 vers:
425 3996 467 4052 re
486 3993 593 4051 ad2l.
648 4005 654 4011 ·

120 4103 151 4156 et
165 4096 227 4156 hoc
246 4111 343 4170 usquc
362 4094 432 4152 dum
449 4093 596 4153 Dominus
620 4095 757 4153 instituet
774 4093 959 4167 Ecclesiam,
1000 4092 1057 4148 11.

77 4210 151 4256 vers:
173 4199 233 4256 22.
