2528 4808
99 343 134 397 m
339 331 488 386 annun:
510 332 589 389 ene.
611 316 700 395 1,ἰὸ
723 330 804 396 -tr,
828 339 873 392 53,

264 500 313 550 tur
329 509 408 551 nova
425 492 570 566 Ecclesia,
591 511 667 570 quae
687 498 812 568 accepta
830 491 958 550 Domino
979 491 1045 561 crit,
1067 508 1147 550 vers:

268 593 435 652 leodac.
464 595 543 671 quod
559 594 655 653 Babel
676 593 845 653 destruetur
870 593 942 671 qnia
964 598 1072 651 contra
1088 593 1147 652 Do-

265 695 388 769 minum,
412 712 498 754 vers:
520 699 561 753 21
583 696 694 753 1124.

204 799 234 855 3.
287 794 367 875 quod
389 813 513 872 prorsus
539 797 709 855 destruendi
736 799 812 865 sint,
843 811 929 854 verse
964 796 1008 854 25
1033 796 1074 854 ad
1097 798 1149 855 30.

263 876 387 974 pr‘tlpter
405 915 536 956 amorem
553 898 709 974 regnandi,
736 914 819 956 vers:
842 898 897 955 31.
915 898 969 955 32.
1004 899 1079 973 quia
1095 914 1152 956 non

264 997 413 1057 desistunt
429 999 555 1075 perdere
572 999 747 1070 Ecclesiam,
767 1014 854 1074 quam
866 996 1012 1055 Dominus
1032 1000 1150 1057 instau-

265 1104 312 1158 rat
326 1107 356 1158 11
372 1099 499 1172 redimit,
524 1117 607 1159 vers:
638 1102 693 1159 33.
710 1102 763 1159 34.
800 1130 809 1167 1

205 1201 234 1258 3.
288 1200 367 1277 quod
388 1203 487 1259 omnia
511 1219 613 1261 eorum
636 1219 655 1260 a
678 1203 781 1277 primis
807 1199 846 1258 ad
869 1199 974 1258 ultima
996 1200 1151 1260 destructa

229 1282 231 1287 ⁵
266 1303 324 1360 sint
340 1319 395 1378 per
412 1301 498 1372 falsa,
515 1320 599 1362 vers:
621 1304 664 1361 35
680 1302 718 1359 ad
734 1303 788 1361 38.

175 1460 179 1465 .
206 1404 234 1461 3.
288 1403 368 1478 quod
384 1402 443 1461 illis
461 1403 609 1462 horrenda
627 1403 704 1462 falsa
722 1410 752 1463 et
768 1402 856 1478 mala,
875 1418 960 1460 vers:
983 1404 1038 1462 33.
1056 1405 1113 1462 40.

183 1504 236 1562 15.
289 1503 423 1561 ultimum
436 1504 584 1580 judicium
601 1521 692 1581 super
709 1504 785 1579 illos,
805 1520 890 1563 vers:
908 1505 951 1560 41
968 1504 1008 1562 ad
1023 1505 1082 1563 46.

207 1605 236 1662 3.
291 1601 370 1679 Cap:
396 1604 445 1662 LI.
480 1604 528 1664 De
550 1605 676 1681 illisqui
700 1623 756 1680 per
779 1605 952 1663 traditiones
975 1622 1030 1666 seu
1058 1608 1148 1666 ratio-

266 1706 343 1764 cinia
361 1722 399 1763 ex
416 1706 545 1764 naturali
565 1706 684 1764 homine
706 1712 917 1782 perverterunt
935 1724 1008 1765 vera
1026 1713 1059 1766 11
1074 1708 1150 1767 bona

263 1805 434 1881 Ecclesiae,
463 1809 513 1883 qui
530 1807 577 1866 hic
594 1807 698 1865 Babel.
738 1806 826 1883 Quod
844 1807 1035 1868 destruentur
1054 1813 1150 1869 omnia

263 1925 335 1966 vera
348 1908 498 1966 doctrinae
517 1909 598 1985 apud
614 1908 690 1982 illos,
710 1926 794 1969 vers:
818 1912 832 1966 1
851 1908 889 1967 11
905 1911 936 1966 4.

203 2009 232 2066 3.
285 2008 365 2085 quod
386 2009 523 2068 Ecclesia
543 2010 671 2069 Judaica
697 2010 765 2068 talis
790 2012 841 2083 sit,
873 2016 902 2068 et
919 2017 1025 2069 contra
1042 2012 1146 2071 Domi·

266 2127 345 2184 num,
365 2127 448 2169 vers:
472 2112 499 2170 5,

153 2213 183 2266 2.
207 2211 236 2268 3.
290 2211 330 2271 Ut
347 2217 473 2270 caveant
492 2213 548 2269 sibi
566 2231 584 2269 a
602 2211 727 2282 talibuS,
753 2229 837 2270 vers:
860 2216 889 2271 6.
935 2213 1024 2290 Quod
1039 2219 1147 2274 vastati

265 2312 324 2369 sint
340 2311 384 2369 illi
401 2313 450 2387 qui
467 2311 508 2369 ibi
525 2330 580 2390 per
597 2312 679 2386 talia,
699 2329 753 2370 nec
772 2312 936 2390 desistunt,
962 2333 1045 2376 vers:
1075 2321 1090 2374 1
1105 2317 1144 2373 ad

270 2414 322 2471 10.
350 2413 430 2488 quod
442 2419 614 2488 pervertant
631 2431 703 2472 vera
722 2420 751 2471 et
767 2413 854 2489 bona,
874 2432 951 2492 quae
969 2418 1028 2476 illis
1044 2418 1072 2474 in
1088 2433 1137 2475 co·

264 2515 316 2590 pia
333 2520 414 2589 sunt,
434 2531 519 2574 vers:
543 2519 581 2573 11
601 2516 639 2574 11
657 2518 711 2574 13.

128 2619 159 2672 2.
178 2616 232 2674 15.
285 2616 364 2692 quod
380 2614 439 2674 illis
457 2615 591 2675 Verbum
609 2621 660 2691 sit,
680 2624 713 2674 ut
728 2619 846 2692 possint
862 2635 980 2694 sapere,
1001 2621 1056 2679 sed
1070 2619 1147 2697 quod

265 2716 421 2775 falsificent
437 2716 527 2791 illud,
553 2735 639 2777 vers:
668 2720 711 2776 14
727 2718 834 2776 ad18.
863 2719 942 2795 quod
959 2720 1031 2779 dum
1050 2721 1147 2781 1111-

266 2819 343 2875 mino
358 2816 502 2892 judicium
521 2833 613 2894 super
626 2818 708 2888 illos,
728 2818 808 2894 quod
823 2820 996 2896 dissipanda
1011 2825 1072 2882 sint
1084 2839 1147 2882 om-

266 2919 315 2974 nia
331 2916 449 2975 illorum
465 2934 482 2974 a
500 2920 601 2994 primis
617 2919 658 2976 ad·
672 2919 784 2993 ultima,
804 2937 888 2980 vers:
912 2924 954 2980 19
971 2923 1011 2981 ad
1026 2926 1084 2985 23.

183 3016 237 3075 15.
291 3017 370 3092 quod
388 3018 510 3085 exitium
527 3019 600 3094 illis,
621 3021 690 3096 quia
708 3019 920 3080 destruxerunt
936 3041 1024 3084 omne
1041 3025 1149 3085 Eccle-

265 3119 343 3192 siae,
369 3133 455 3176 vers:
477 3121 647 3180 241126.
1165 3112 1168 3117 ’

107 3271 109 3276 .
157 3220 187 3278 3.
205 3222 235 3277 2.
290 3219 370 3295 quod
387 3222 480 3278 omnis
504 3223 620 3297 generis
642 3221 719 3280 salsa
742 3226 905 3300 accepturi,
937 3226 1163 3299 1111121111,

268 3322 324 3379 29.
352 3320 432 3396 quod
449 3321 517 3382 inde
536 3322 595 3382 illis
618 3323 702 3382 nulla
724 3328 858 3399 potentia
883 3325 1027 3401 amplius,
1062 3345 1149 3390 vers:

268 3423 443 3483 301132.
670 3495 672 3500 ,

182 3525 237 3583 15.
289 3524 368 3601 quod
402 3525 536 3584 ultimum
567 3526 632 3604 ejus
669 3533 787 3604 tempus
823 3530 937 3603 veniat,
973 3545 1059 3589 vers:
1093 3533 1149 3606 33,

267 3625 347 3701 quod
364 3630 490 3702 perituri
508 3630 577 3704 quia
595 3627 825 3704 deperdiderunt
850 3629 1032 3698 Ecclesiam,
1063 3649 1149 3692 vers:

268 3727 311 3784 34
329 3726 367 3782 ad
380 3729 435 3784 40.
549 3727 555 3743 ’

181 3827 234 3885 15.
286 3826 397 3901 quoda
413 3830 502 3885 meris
520 3828 603 3888 salsis
621 3832 756 3889 interitus
774 3829 849 3902 illis,
866 3847 952 3889 vers:
974 3835 1016 3890 41
1037 3833 1076 3891 ad
1091 3835 1148 3891 44.

265 3943 320 3986 nec
339 3927 484 3986 accedant
501 3928 539 3987 ad
555 3929 622 3989 illos
646 3933 697 4008 qui
718 3904 765 3989 19
772 3931 925 4002 Ecclesia,
945 3950 984 3992 ne
1002 3951 1150 3994 unacum

263 4027 322 4086 illis
340 4034 473 4105 pereant,
493 4047 576 4091 vers:
597 4032 640 4091 45
657 4032 694 4091 ad
712 4033 765 4092 50.

180 4129 234 4188 15.
287 4129 366 4204 quod
382 4147 441 4188 non
466 4133 582 4207 possint
602 4135 759 4210 resistere,
791 4140 941 4211 utcunque
968 4134 1027 4195 sibi
1043 4135 1148 4212 fidunt,

265 4247 351 4289 vers:
374 4231 413 4291 51
430 4231 468 4289 ad
484 4232 537 4291 53.
888 4247 890 4249 ·
