2528 4808
214 349 216 354 ·
294 322 424 382 EZECH:
447 327 526 386 CAP.
548 327 676 392 XXXIII,
701 338 734 390 12
757 329 922 396 -XXXVI,
945 338 972 391 2.
1128 336 1162 395 65

159 485 256 545 malus
275 489 302 544 si
318 486 351 544 fit
369 487 482 555 bonus,
512 492 582 545 tunc
596 485 707 545 malum
725 486 791 564 ejus
806 489 999 565 condonatur,
1038 494 1068 550 2.

106 589 135 644 si
158 587 254 645 bonus
276 586 309 644 fit
331 586 443 661 malus,
472 588 543 646 tunc
562 585 672 645 bonum
699 588 764 664 ejus
784 605 843 646 non
867 589 996 664 videtur,

105 704 193 746 vers:
232 690 272 746 12
295 687 333 745 ad
356 689 409 746 16.
444 687 524 762 quod
545 684 620 746 haec
646 689 704 745 sint
730 689 851 763 justitia
876 689 995 764 Divina,

106 804 192 845 vers:
221 787 385 845 laadan.

158 887 239 962 quod
255 887 394 946 Ecclesia
409 905 555 964 perversa
578 888 656 948 dicat
681 888 761 965 quod
778 892 837 948 sint
854 889 999 968 Ecclesia,
1037 896 1068 951 2.

105 990 179 1062 quia
195 986 332 1046 Verbum
350 993 396 1046 est
415 988 495 1064 apud
512 987 596 1059 illos,
624 1006 692 1048 cum
714 996 815 1048 tamen
838 989 1000 1050 falsificant

109 1087 201 1161 illud,
221 1087 322 1147 colunt
340 1087 431 1146 alium
449 1088 561 1163 Deum,
582 1096 611 1147 et
628 1088 740 1148 malum
758 1090 884 1165 iaciunt,
910 1107 995 1151 vers:

106 1190 148 1247 21
168 1188 206 1246 ad
224 1191 279 1247 26.

161 1306 230 1348 cum
242 1294 342 1347 tamen
361 1307 398 1348 ex
416 1289 500 1348 salsis
519 1290 591 1348 mali
606 1276 732 1366 perituri
749 1293 821 1364 sint,
841 1309 926 1351 vers:
952 1296 995 1351 27
1037 1295 1066 1353 3.

102 1389 143 1447 ad
158 1391 215 1448 29.

156 1492 276 1550 tametsi
295 1490 420 1549 audiunt
436 1489 581 1562 Verbum,
600 1497 629 1548 et
647 1491 772 1550 incultu
791 1497 913 1552 externo
931 1495 1000 1564 sint,
1038 1495 1068 1553 3.

102 1607 189 1649 vers:
212 1592 257 1650 30
275 1590 314 1650 ad
331 1592 385 1650 33.

155 1690 237 1768 Cap:
256 1689 405 1753 XXXIV.
434 1691 471 1749 de
490 1691 682 1764 docentibuS,
712 1694 762 1767 qni
780 1709 868 1751 suum
885 1693 997 1752 bonum
1035 1697 1065 1752 2.

105 1791 194 1851 inodo
214 1797 361 1866 spectant,
382 1797 412 1848 et
429 1809 487 1849 non
504 1791 676 1862 Ecclesiae,
697 1808 783 1850 vers:
807 1796 822 1851 1
842 1793 881 1851 ad
893 1797 924 1851 4.
950 1793 952 1797 ”

154 1908 250 1967 quare
267 1891 311 1950 illi
325 1893 376 1966 qui
389 1890 426 1948 ab
436 1891 575 1950 Ecclesia
589 1893 722 1949 invitam
737 1892 847 1951 malam
860 1895 993 1968 vomunt,
1032 1898 1062 1952 2.
1078 1896 1108 1954 3.

73 2051 75 2054 .
102 2009 190 2050 vers:
215 1993 244 2050 5.
265 1995 295 2051 6.
332 1991 413 2068 quod
436 1994 506 2069 quia
528 1991 621 2061 tales,
650 2008 737 2050 omne
755 1992 910 2052 Ecclesiae
935 1993 993 2052 illis

101 2093 288 2166 auferretur,
314 2108 398 2152 vers:
426 2092 498 2150 'lad
518 2094 572 2150 10.

153 2192 242 2268 Quod
255 2193 402 2251 Dominus
421 2209 489 2250 cum
503 2195 585 2251 venit
602 2192 787 2251 inmundum
801 2193 996 2271 congregabit
1035 2196 1089 2251 ll.
1186 2271 1188 2275 ἲ

100 2292 283 2366 Ecclesiam,
311 2299 341 2352 et
360 2291 478 2351 docebit
495 2291 578 2351 illam
595 2293 707 2350 Divina
723 2309 810 2367 vera,
839 2310 923 2353 vers:
947 2297 987 2354 ll

100 2393 140 2452 ad
162 2396 217 2452 16.

151 2493 235 2569 quod
252 2494 347 2580 malos
365 2494 528 2553 interillos
546 2492 716 2570 separabit,
746 2510 831 2552 vers:
856 2495 909 2551 16.
933 2497 988 2552 17.
1027 2495 1057 2552 3.
1078 2497 1131 2552 11.

100 2594 183 2670 quod
200 2594 272 2653 mali
288 2600 426 2671 pastores
446 2612 532 2653 omne
549 2593 705 2653 Ecclesiae
723 2591 887 2666 destruant,
906 2608 991 2652 vers:

103 2696 146 2753 18
162 2695 202 2753 ad
220 2697 275 2755 20.
304 2701 334 2754 et
351 2695 478 2771 perdant
496 2694 659 2771 simplices
682 2710 766 2752 vers:
788 2696 843 2751 21.

156 2795 238 2871 quod
261 2796 408 2855 Dominus
431 2813 501 2855 cum
528 2797 625 2866 venit,
657 2794 776 2853 docebit
803 2800 835 2852 et
863 2793 993 2860 salvabit
1033 2796 1130 2852 1.11.

97 2895 177 2970 illos,
198 2913 284 2954 vers:
307 2895 478 2970 raedas,
539 2934 543 2941 -

119 2995 126 3013 ”
150 2995 233 3073 quod
251 2995 419 3057 et·docebit
428 2996 497 3055 illos
514 3004 544 3055 et
561 2995 707 3053 tutabitur
720 3012 739 3052 a
752 2993 846 3063 falsis,
865 3001 895 3053 et
909 2993 989 3071 quod
1028 2995 1081 3051 11.

98 3097 206 3173 Ipsum
225 3102 399 3173 agnoscent,
418 3113 504 3155 vers:
526 3099 569 3154 26
587 3095 626 3155 ad
642 3098 696 3156 31.

149 3195 232 3273 Cap:
258 3197 392 3257 XXXV.
428 3196 475 3255 De
499 3195 583 3254 salsis
609 3196 688 3270 fidei,
717 3194 797 3271 quod
824 3196 905 3271 apud
924 3193 992 3253 illos
1031 3195 1060 3253 3.

98 3314 186 3356 omne
201 3314 307 3357 verum
320 3297 391 3357 fidei
407 3302 514 3373 percat
530 3312 586 3372 per
603 3295 689 3370 falsa,
708 3312 795 3354 vers:
819 3298 834 3353 l
851 3294 891 3354 ad
907 3296 935 3354 5.

148 3396 232 3473 quod
243 3397 412 3456 falsificatio
431 3397 526 3456 Verbi
542 3396 620 3471 inde,
641 3412 737 3470 usque
751 3401 784 3453 ut
802 3412 861 3452 non
879 3394 993 3450 sitnisi
1030 3395 1060 3451 3.

98 3513 190 3574 qnam
207 3497 327 3572 falsum,
346 3514 433 3556 vers:
463 3499 480 3555 6
495 3497 534 3555 ad
547 3498 576 3554 3.
606 3495 686 3572 quod
703 3495 803 3552 dicant
820 3492 988 3551 Ecclesiam

96 3614 165 3658 esse
181 3597 265 3675 apud
277 3598 355 3671 illos,
375 3614 461 3656 vers:
485 3599 539 3656 10.
624 3640 625 3643 η

146 3698 229 3774 quod
249 3705 354 3758 contra
369 3697 553 3771 Ecclesiam,
585 3701 615 3780 et
638 3701 741 3754 contra
768 3693 929 3751 Dominum
947 3691 994 3750 lo·
1033 3694 1063 3752 3.

99 3806 246 3875 quantur,
277 3815 363 3858 vers:
390 3801 431 3856 ll
449 3797 487 3856 ad
502 3799 556 3857 13.
585 3795 665 3873 quod
687 3812 755 3853 omn
778 3793 916 3853 Ecclesia
934 3809 988 3852 ex-

99 3901 185 3975 istet,
222 3898 373 3958 devastati
400 3904 487 3958 erunt
517 3896 617 3974 quoad
647 3912 733 3955 omne
763 3894 873 3963 Verbi,
905 3909 989 3952 vers:

100 4000 229 4059 14.15.

145 4099 229 4177 Cap:
249 4097 400 4158 XXXVI.
435 4099 482 4157 De
500 4097 639 4158 Ecclesia
656 4062 803 4174 perversa
820 4096 850 4152 in
868 4109 988 4170 genere.
1029 4092 1059 4150 3.

97 4197 183 4272 Quod
199 4200 254 4260 illa
272 4199 391 4258 amalis
409 4205 440 4259 et
456 4197 541 4258 falsis
558 4198 678 4276 perdita
696 4198 745 4265 sit,
763 4211 849 4254 vers:
874 4195 902 4251 1.
921 4198 952 4252 2.

144 4309 359 4360 Swadcnborg,
381 4308 493 4350 Summer.
511 4311 593 4363 Expos.
611 4319 691 4347 seusus
708 4305 800 4346 interni.
984 4293 1000 4349 5
