2610 4814
367 337 463 393 ESAJ.
485 337 568 395 cnP.
589 337 686 402 XLIV,
710 349 725 398 5
749 336 869 403 -XLV‚
893 348 938 398 17.
1153 352 1186 402 τε

124 553 127 557 ,
181 497 261 575 quod
277 496 334 556 Ille
352 499 392 555 sit
413 496 554 556 Jchovah
580 500 631 573 qul
655 497 805 574 praedixit
826 514 860 557 se
878 497 909 555 id
926 497 1024 556 lactu·
1064 503 1092 556 1.

130 618 197 658 rum
215 615 299 672 esse,
324 614 410 657 νοτες
434 599 450 656 5
468 596 507 655 ad
524 602 553 656 7.
589 597 668 673 quod
691 601 808 657 nonsit
831 597 907 656 alius
926 598 1021 672 Deus,

130 716 215 759 νοτες
238 702 267 757 8.

183 799 261 876 quod
279 800 329 875 qui
346 814 406 857 non
422 797 526 874 Ipsum
551 796 655 858 Solum
680 799 796 875 colunt,
823 801 883 858 sint
900 799 1023 874 falsarii,
1060 803 1092 858 4.

128 917 215 960 νοτες
238 898 311 958 9ad
327 903 381 957 11.

181 1001 218 1060 de
236 999 295 1059 illis
315 1001 366 1076 qui
383 999 498 1075 tingunt
515 1000 573 1058 sibi
587 999 668 1059 aliud
681 1001 833 1078 religionis
848 1021 886 1062 ex
898 1004 1021 1079 propria
1057 1005 1088 1059 2.

128 1101 340 1178 intelligentia,
376 1100 526 1176 quomodo
552 1101 663 1159 saciant
688 1107 721 1159 ut
744 1103 853 1161 salsum
877 1109 1024 1178 appareat

129 1204 208 1262 sicut
224 1219 344 1276 verum,
374 1218 410 1260 ac
435 1207 469 1258 ut
486 1200 598 1258 malum
615 1203 693 1259 sicut
710 1201 838 1277 bonum,
866 1203 945 1261 uncle
962 1203 1022 1261 illis

129 1302 227 1363 cultus
247 1303 334 1378 qnasi
351 1301 487 1373 divinus,
504 1317 591 1360 νοτες
621 1304 662 1359 12
680 1302 719 1359 ad
734 1304 791 1360 20.

178 1403 217 1462 ad
241 1402 409 1462 Ecclesiam
433 1401 608 1475 Judaicam,
646 1408 679 1460 ut
703 1419 721 1460 a
746 1402 859 1462 talibus
884 1402 1018 1478 desistat,
1059 1407 1089 1462 2.

130 1521 216 1563 vers:
239 1507 373 1562 anan.
828 1487 831 1494 '
916 1512 918 1516 ⁴

178 1604 218 1663 ad
240 1604 407 1685 Ecclesiam
432 1614 555 1679 novam,
588 1604 668 1680 quod
693 1603 782 1665 Solus
805 1605 952 1665 Dominus
977 1608 1017 1665 sit
1054 1609 1181 1667 11.10.

129 1704 215 1764 Deus
235 1705 311 1764 coeli
331 1711 361 1762 et
378 1711 492 1779 terrae,
511 1721 598 1764 νοτες
620 1707 675 1764 23.
697 1708 752 1764 24.

184 1804 264 1883 quod
281 1804 398 1882 rejiciat
415 1805 517 1879 tales,
537 1807 607 1881 quia
630 1822 666 1864 ex
684 1809 806 1882 propria
822 1807 1019 1884 intelligentia
1055 1809 1085 1868 3.
1105 1811 1159 1867 11.

127 1908 293 1979 insaniunt,
325 1922 412 1964 νοτες
434 1906 490 1964 25.
526 1922 594 1965 cum
611 1905 780 1966 Ecclesiam
798 1925 884 1966 suam
901 1910 1018 1967 instau-

128 2013 187 2082 rat,
214 2023 300 2065 νοτες
323 2007 378 2064 26.
409 2012 438 2064 ct
456 2012 588 2064 veterem
607 2006 702 2081 delet,
721 2023 807 2067 vers:
829 2012 886 2066 27.

179 2107 258 2184 qnod
281 2106 355 2165 illud
385 2105 553 2165 aDomino
584 2124 639 2182 per
666 2107 808 2166 Divinum
837 2108 1016 2186 Humanum,
1059 2113 1113 2167 11.

128 2209 177 2283 qui
195 2207 236 2265 ibi
255 2215 301 2266 cst
319 2206 470 2281 Korosch,
495 2223 580 2265 νοτες
602 2208 658 2265 28.

178 2306 257 2383 Cap:
286 2307 381 2367 XLV.
420 2307 456 2366 de
475 2307 603 2366 Domino
622 2308 722 2383 quoad
738 2308 881 2369 Divinum
898 2308 1016 2367 Huma-
1056 2311 1087 2367 8.

126 2426 195 2467 num
225 2410 277 2484 qui
300 2408 446 2467 Koresch.
489 2406 576 2483 Quod
596 2408 660 2484 Ipsi
687 2427 724 2468 cx
753 2408 862 2468 Divino
889 2426 945 2468 suo
976 2411 1016 2467 sit

127 2511 339 2584 omnipotentia
362 2514 465 2567 contra
482 2511 581 2567 onmia
597 2509 713 2582 interni,
733 2525 817 2567 vers:
842 2513 870 2566 1.
892 2512 922 2566 2.

177 2609 266 2686 Quod
284 2608 347 2684 Ipsi
364 2608 476 2667 Divina
494 2607 663 2684 Sapientia,
682 2625 766 2667 νοτες
789 2611 818 2667 3.
850 2626 905 2684 per
922 2608 1011 2666 Divi·
1051 2609 1080 2666 8.
1100 2609 1155 2667 10.

126 2727 197 2768 num
215 2727 302 2767 suum
320 2707 469 2785 usquead
487 2708 601 2783 ultima,
620 2725 704 2767 νοτες
725 2712 758 2768 4.

180 2809 259 2887 quod
281 2826 340 2868 non
358 2809 435 2868 alius
454 2811 493 2867 sit
513 2827 603 2886 qnam
620 2809 774 2885 Jchovah,
798 2815 831 2868 ut
848 2808 905 2869 hoc
923 2810 1020 2868 sciant
1058 2809 1112 2867 10.

127 2928 238 2985 omnes,
259 2927 343 2969 νοτες
368 2911 396 2969 5.
415 2913 444 2968 6.
477 2909 556 2985 qnod
574 2909 612 2968 ab
630 2910 702 2999 Ipso
721 2912 827 2985 omnia,
847 2927 932 2969 νοτες
956 2913 984 2968 7.

178 3012 323 3086 recipiant
341 3010 446 3086 Ipsum
464 3018 496 3069 ut
509 3008 672 3080 salventur,
690 3027 776 3070 νοτες
799 3013 829 3068 8.
862 3010 942 3087 quod
954 3026 1013 3069 non
1053 3013 1107 3069 17.
1126 3010 1179 3068 10.

129 3111 325 3171 dubitandum
352 3113 423 3187 quin
447 3113 490 3168 ita
507 3113 561 3185 sit,
596 3118 625 3170 ct
644 3128 698 3170 cur
715 3113 758 3169 ita
776 3118 836 3185 est,
869 3128 955 3170 νοτες
984 3112 1014 3168 9.

129 3214 257 3270 10.11.

175 3315 246 3388 quia
262 3310 332 3388 Ipse
350 3311 435 3370 Deus
455 3308 532 3369 coeli
552 3319 612 3384 est,
631 3327 718 3369 vers:
746 3314 796 3368 12.
832 3327 866 3369 ac
884 3312 927 3368 ita
943 3309 1007 3367 sal·
1047 3311 1101 3367 17.
1123 3308 1178 3367 10.

124 3419 248 3471 vaturus
283 3411 432 3484 homines,
479 3413 549 3486 quia
581 3411 619 3469 ab
649 3411 770 3468 infernis
808 3411 900 3468 vincti
934 3413 1013 3481 sunt,

124 3530 207 3572 νοτες
236 3513 290 3572 13.

175 3613 254 3689 quod
270 3612 312 3670 illi
331 3614 427 3688 quiin
445 3614 613 3687 ignorantia
630 3615 716 3683 sunt,
742 3614 772 3666 ct
789 3606 941 3666 naturales
961 3623 1013 3666 ac·
1055 3609 1109 3666 11.

122 3717 253 3781 cessuri,
273 3728 359 3786 νοτε,
383 3715 437 3769 14.

173 3814 253 3890 quod
270 3811 419 3871 occultum
438 3814 489 3887 sit,
509 3811 586 3870 rundc
606 3813 649 3869 sic
668 3808 805 3884 salvatio,
832 3824 918 3867 νοτες
945 3808 1000 3868 15.
1042 3811 1097 3866 17.
1109 3811 1150 3885 ,4.

122 3914 202 3990 quod
219 3914 263 3972 illi
281 3913 332 3989 qui
349 3914 379 3970 in
396 3911 480 3970 salsis
496 3919 574 3985 sunt,
593 3910 744 3980 recedent,
761 3926 847 3967 νοτες
870 3910 926 3983 16,

172 4013 254 4090 quod
285 4012 329 4071 llli
364 4014 414 4087 qul
454 4011 492 4070 ab
530 4011 668 4071 Ecclesia
705 4009 807 4086 Ipsius
846 4008 1009 4082 salventur,
1053 4008 1107 4066 17.

121 4131 208 4174 νοτες
233 4115 287 4188 17,

172 4213 253 4290 quod
269 4216 312 4272 ita
329 4210 500 4283 salventur,
517 4213 557 4271 sit
575 4213 647 4287 qula
662 4209 750 4269 homo
764 4206 804 4266 ad
821 4204 940 4267 coelum
956 4221 1013 4264 ua·
1055 4205 1097 4263 17
1103 4247 1109 4260 .
