<?xml version="1.0" encoding="UTF-8"?>
<!DOCTYPE html PUBLIC "-//W3C//DTD XHTML 1.0 Transitional//EN"
    "http://www.w3.org/TR/xhtml1/DTD/xhtml1-transitional.dtd">
<html xmlns="http://www.w3.org/1999/xhtml" xml:lang="en" lang="en">
 <head>
  <title>
</title>
<meta http-equiv="Content-Type" content="text/html;charset=utf-8" />
  <meta name='ocr-system' content='tesseract 3.04.00' />
  <meta name='ocr-capabilities' content='ocr_page ocr_carea ocr_par ocr_line ocrx_word'/>
</head>
<body>
  <div class='ocr_page' id='page_1' title='image "./summariaexposit00swedgoog_0048.png"; bbox 0 0 2528 4808; ppageno 0'>
   <div class='ocr_carea' id='block_1_1' title="bbox 324 301 1161 376">
    <p class='ocr_par' dir='ltr' id='par_1_1' title="bbox 324 301 1161 376">
     <span class='ocr_line' id='line_1_1' title="bbox 324 301 1161 376; baseline 0.016 -18"><span class='ocrx_word' id='word_1_1' title='bbox 324 301 557 363; x_wconf 73' lang='grc'><strong>1111111111.</strong></span> <span class='ocrx_word' id='word_1_2' title='bbox 578 303 680 376; x_wconf 75' lang='lat' dir='ltr'>xxiv,</span> <span class='ocrx_word' id='word_1_3' title='bbox 702 313 718 366; x_wconf 81' lang='grc'>1</span> <span class='ocrx_word' id='word_1_4' title='bbox 743 302 878 368; x_wconf 75' lang='lat' dir='ltr'>-xxvr</span> <span class='ocrx_word' id='word_1_5' title='bbox 901 314 946 368; x_wconf 80' lang='lat' dir='ltr'>aa</span> <span class='ocrx_word' id='word_1_6' title='bbox 1127 319 1161 372; x_wconf 80' lang='grc'>11</span> 
     </span>
    </p>
   </div>
   <div class='ocr_carea' id='block_1_2' title="bbox 102 462 1132 2766">
    <p class='ocr_par' dir='ltr' id='par_1_2' title="bbox 103 462 1088 651">
     <span class='ocr_line' id='line_1_2' title="bbox 103 462 1088 543; baseline 0.005 -20"><span class='ocrx_word' id='word_1_7' title='bbox 103 470 239 542; x_wconf 85' lang='lat' dir='ltr'><strong>possunt</strong></span> <span class='ocrx_word' id='word_1_8' title='bbox 252 462 373 522; x_wconf 87' lang='lat' dir='ltr'>tandem</span> <span class='ocrx_word' id='word_1_9' title='bbox 391 463 505 539; x_wconf 92' lang='lat' dir='ltr'>doceri,</span> <span class='ocrx_word' id='word_1_10' title='bbox 525 481 689 540; x_wconf 81' lang='lat' dir='ltr'>agnoscere</span> <span class='ocrx_word' id='word_1_11' title='bbox 707 464 883 536; x_wconf 89' lang='lat' dir='ltr'>Dominum,</span> <span class='ocrx_word' id='word_1_12' title='bbox 901 467 995 543; x_wconf 84' lang='lat' dir='ltr'>recipi</span> <span class='ocrx_word' id='word_1_13' title='bbox 1034 469 1088 528; x_wconf 96' lang='grc'>11.</span> 
     </span>
     <span class='ocr_line' id='line_1_3' title="bbox 105 563 698 651; baseline -0.002 -27"><span class='ocrx_word' id='word_1_14' title='bbox 105 575 138 624; x_wconf 91' lang='grc'>11</span> <span class='ocrx_word' id='word_1_15' title='bbox 155 563 223 623; x_wconf 90' lang='lat' dir='ltr'>fieri</span> <span class='ocrx_word' id='word_1_16' title='bbox 239 564 386 639; x_wconf 80' lang='lat' dir='ltr'>Ecclesia,</span> <span class='ocrx_word' id='word_1_17' title='bbox 405 581 490 624; x_wconf 89' lang='lat' dir='ltr'>vers:</span> <span class='ocrx_word' id='word_1_18' title='bbox 513 568 532 623; x_wconf 85' lang='grc'>4</span> <span class='ocrx_word' id='word_1_19' title='bbox 550 565 588 622; x_wconf 88' lang='lat' dir='ltr'>ad</span> <span class='ocrx_word' id='word_1_20' title='bbox 606 571 640 623; x_wconf 80' lang='lat'>7:</span> <span class='ocrx_word' id='word_1_21' title='bbox 695 644 698 651; x_wconf 27' lang='grc' dir='ltr'>Ι</span> 
     </span>
    </p>

    <p class='ocr_par' dir='ltr' id='par_1_3' title="bbox 102 667 1068 944">
     <span class='ocr_line' id='line_1_4' title="bbox 158 667 1068 744; baseline 0.007 -21"><span class='ocrx_word' id='word_1_22' title='bbox 158 668 212 742; x_wconf 93' lang='lat' dir='ltr'>qui</span> <span class='ocrx_word' id='word_1_23' title='bbox 232 671 333 724; x_wconf 86' lang='lat' dir='ltr'>autem</span> <span class='ocrx_word' id='word_1_24' title='bbox 350 682 409 723; x_wconf 93' lang='lat' dir='ltr'>non</span> <span class='ocrx_word' id='word_1_25' title='bbox 426 673 552 742; x_wconf 85' lang='lat' dir='ltr'>possent</span> <span class='ocrx_word' id='word_1_26' title='bbox 568 667 736 741; x_wconf 83' lang='lat' dir='ltr'>reformari,</span> <span class='ocrx_word' id='word_1_27' title='bbox 762 674 846 725; x_wconf 89' lang='lat' dir='ltr'>crant</span> <span class='ocrx_word' id='word_1_28' title='bbox 865 671 916 744; x_wconf 92' lang='lat' dir='ltr'>qui</span> <span class='ocrx_word' id='word_1_29' title='bbox 933 668 999 727; x_wconf 93' lang='lat' dir='ltr'>vcl-</span> <span class='ocrx_word' id='word_1_30' title='bbox 1037 671 1068 729; x_wconf 87' lang='lat'>3.</span> 
     </span>
     <span class='ocr_line' id='line_1_5' title="bbox 102 766 1068 844; baseline 0.001 -16"><span class='ocrx_word' id='word_1_31' title='bbox 102 768 170 828; x_wconf 89' lang='lat' dir='ltr'>lent</span> <span class='ocrx_word' id='word_1_32' title='bbox 191 766 291 825; x_wconf 87' lang='lat' dir='ltr'>adhuc</span> <span class='ocrx_word' id='word_1_33' title='bbox 315 768 346 824; x_wconf 88' lang='grc'>11</span> <span class='ocrx_word' id='word_1_34' title='bbox 365 766 446 825; x_wconf 91' lang='lat' dir='ltr'>cultu</span> <span class='ocrx_word' id='word_1_35' title='bbox 471 785 509 826; x_wconf 84' lang='lat' dir='ltr'>cx</span> <span class='ocrx_word' id='word_1_36' title='bbox 532 767 633 826; x_wconf 87' lang='lat' dir='ltr'>Verbo</span> <span class='ocrx_word' id='word_1_37' title='bbox 658 785 741 842; x_wconf 90' lang='lat' dir='ltr'>esse,</span> <span class='ocrx_word' id='word_1_38' title='bbox 774 786 861 844; x_wconf 90' lang='lat' dir='ltr'>quem</span> <span class='ocrx_word' id='word_1_39' title='bbox 888 769 999 828; x_wconf 90' lang='lat' dir='ltr'>cultum</span> <span class='ocrx_word' id='word_1_40' title='bbox 1038 773 1068 831; x_wconf 87' lang='grc'>3.</span> 
     </span>
     <span class='ocr_line' id='line_1_6' title="bbox 103 868 797 944; baseline -0.003 -15"><span class='ocrx_word' id='word_1_41' title='bbox 103 877 178 929; x_wconf 83' lang='lat' dir='ltr'>tune</span> <span class='ocrx_word' id='word_1_42' title='bbox 198 869 337 927; x_wconf 75' lang='lat' dir='ltr'>continue</span> <span class='ocrx_word' id='word_1_43' title='bbox 355 868 591 944; x_wconf 89' lang='lat' dir='ltr'>prophanaront,</span> <span class='ocrx_word' id='word_1_44' title='bbox 610 886 695 928; x_wconf 88' lang='lat' dir='ltr'>vers:</span> <span class='ocrx_word' id='word_1_45' title='bbox 718 870 748 928; x_wconf 88' lang='grc'><strong>8.</strong></span> <span class='ocrx_word' id='word_1_46' title='bbox 768 872 797 927; x_wconf 88' lang='grc'><strong>9.</strong></span> 
     </span>
    </p>

    <p class='ocr_par' dir='ltr' id='par_1_4' title="bbox 105 968 1066 1147">
     <span class='ocr_line' id='line_1_7' title="bbox 157 968 1066 1047; baseline 0.006 -20"><span class='ocrx_word' id='word_1_47' title='bbox 157 969 241 1046; x_wconf 90' lang='lat' dir='ltr'>quod</span> <span class='ocrx_word' id='word_1_48' title='bbox 259 968 340 1044; x_wconf 90' lang='lat' dir='ltr'>apud</span> <span class='ocrx_word' id='word_1_49' title='bbox 357 969 412 1027; x_wconf 91' lang='lat' dir='ltr'>hos</span> <span class='ocrx_word' id='word_1_50' title='bbox 431 986 517 1028; x_wconf 88' lang='lat' dir='ltr'>onme</span> <span class='ocrx_word' id='word_1_51' title='bbox 536 979 673 1029; x_wconf 87' lang='lat' dir='ltr'>sanctum</span> <span class='ocrx_word' id='word_1_52' title='bbox 691 969 944 1047; x_wconf 83' lang='lat' dir='ltr'>prophanaretur,</span> <span class='ocrx_word' id='word_1_53' title='bbox 970 978 1000 1031; x_wconf 88' lang='lat' dir='ltr'>et</span> <span class='ocrx_word' id='word_1_54' title='bbox 1037 977 1066 1034; x_wconf 87' lang='lat'>3.</span> 
     </span>
     <span class='ocr_line' id='line_1_8' title="bbox 105 1070 544 1147; baseline 0.002 -18"><span class='ocrx_word' id='word_1_55' title='bbox 105 1070 152 1129; x_wconf 91' lang='lat' dir='ltr'>illi</span> <span class='ocrx_word' id='word_1_56' title='bbox 169 1071 313 1147; x_wconf 88' lang='lat' dir='ltr'>perirent,</span> <span class='ocrx_word' id='word_1_57' title='bbox 333 1087 416 1131; x_wconf 86' lang='lat' dir='ltr'>vers:</span> <span class='ocrx_word' id='word_1_58' title='bbox 440 1073 469 1129; x_wconf 87' lang='lat'><strong>3.</strong></span> <span class='ocrx_word' id='word_1_59' title='bbox 491 1073 544 1130; x_wconf 86' lang='grc'>10.</span> 
     </span>
    </p>

    <p class='ocr_par' dir='ltr' id='par_1_5' title="bbox 114 1170 1132 1346">
     <span class='ocr_line' id='line_1_9' title="bbox 161 1170 1132 1248; baseline 0.005 -17"><span class='ocrx_word' id='word_1_60' title='bbox 161 1171 241 1248; x_wconf 76' lang='lat' dir='ltr'>Gapr</span> <span class='ocrx_word' id='word_1_61' title='bbox 260 1170 368 1230; x_wconf 89' lang='lat' dir='ltr'>XXV:</span> <span class='ocrx_word' id='word_1_62' title='bbox 395 1172 540 1231; x_wconf 86' lang='lat' dir='ltr'>Dominus</span> <span class='ocrx_word' id='word_1_63' title='bbox 555 1172 683 1245; x_wconf 77' lang='grc'><strong>11111111,</strong></span> <span class='ocrx_word' id='word_1_64' title='bbox 699 1171 779 1247; x_wconf 88' lang='lat' dir='ltr'>apud</span> <span class='ocrx_word' id='word_1_65' title='bbox 794 1189 869 1248; x_wconf 89' lang='lat' dir='ltr'>quos</span> <span class='ocrx_word' id='word_1_66' title='bbox 883 1174 991 1233; x_wconf 86' lang='lat' dir='ltr'>Eccle·</span> <span class='ocrx_word' id='word_1_67' title='bbox 1031 1178 1085 1235; x_wconf 95' lang='grc'>11.</span> <span class='ocrx_word' id='word_1_68' title='bbox 1102 1182 1132 1236; x_wconf 84' lang='grc'><strong>2.</strong></span> 
     </span>
     <span class='ocr_line' id='line_1_10' title="bbox 114 1274 648 1346; baseline 0.006 -17"><span class='ocrx_word' id='word_1_69' title='bbox 114 1274 160 1330; x_wconf 88' lang='lat' dir='ltr'>sia</span> <span class='ocrx_word' id='word_1_70' title='bbox 178 1274 313 1330; x_wconf 87' lang='lat' dir='ltr'>instituta</span> <span class='ocrx_word' id='word_1_71' title='bbox 332 1279 387 1346; x_wconf 90' lang='lat' dir='ltr'>est,</span> <span class='ocrx_word' id='word_1_72' title='bbox 412 1290 498 1332; x_wconf 79' lang='lat' dir='ltr'>vers:</span> <span class='ocrx_word' id='word_1_73' title='bbox 523 1277 550 1334; x_wconf 91' lang='grc'>1.</span> <span class='ocrx_word' id='word_1_74' title='bbox 568 1278 599 1332; x_wconf 82' lang='lat'>2.</span> <span class='ocrx_word' id='word_1_75' title='bbox 618 1275 648 1332; x_wconf 87' lang='lat'>3.</span> 
     </span>
    </p>

    <p class='ocr_par' dir='ltr' id='par_1_6' title="bbox 107 1372 1065 1652">
     <span class='ocr_line' id='line_1_11' title="bbox 169 1372 1065 1451; baseline 0.004 -19"><span class='ocrx_word' id='word_1_76' title='bbox 169 1372 242 1449; x_wconf 93' lang='lat' dir='ltr'>quod</span> <span class='ocrx_word' id='word_1_77' title='bbox 260 1372 395 1431; x_wconf 90' lang='lat' dir='ltr'>docuerit</span> <span class='ocrx_word' id='word_1_78' title='bbox 412 1374 479 1432; x_wconf 88' lang='lat' dir='ltr'>illos</span> <span class='ocrx_word' id='word_1_79' title='bbox 498 1377 636 1433; x_wconf 87' lang='lat' dir='ltr'>continue</span> <span class='ocrx_word' id='word_1_80' title='bbox 651 1392 706 1451; x_wconf 89' lang='lat' dir='ltr'>per</span> <span class='ocrx_word' id='word_1_81' title='bbox 726 1373 872 1447; x_wconf 91' lang='lat' dir='ltr'>Verbum,</span> <span class='ocrx_word' id='word_1_82' title='bbox 893 1381 925 1433; x_wconf 91' lang='lat' dir='ltr'>ut</span> <span class='ocrx_word' id='word_1_83' title='bbox 943 1376 998 1435; x_wconf 90' lang='lat' dir='ltr'>de·</span> <span class='ocrx_word' id='word_1_84' title='bbox 1036 1382 1065 1436; x_wconf 85' lang='lat'>2.</span> 
     </span>
     <span class='ocr_line' id='line_1_12' title="bbox 114 1475 994 1545; baseline 0.001 -11"><span class='ocrx_word' id='word_1_85' title='bbox 114 1478 250 1534; x_wconf 83' lang='lat' dir='ltr'>sisterent</span> <span class='ocrx_word' id='word_1_86' title='bbox 267 1491 287 1530; x_wconf 86' lang='lat' dir='ltr'>a</span> <span class='ocrx_word' id='word_1_87' title='bbox 305 1475 408 1545; x_wconf 86' lang='lat' dir='ltr'>malis,</span> <span class='ocrx_word' id='word_1_88' title='bbox 436 1482 465 1533; x_wconf 90' lang='lat' dir='ltr'>et</span> <span class='ocrx_word' id='word_1_89' title='bbox 482 1494 541 1534; x_wconf 92' lang='lat' dir='ltr'>nou</span> <span class='ocrx_word' id='word_1_90' title='bbox 567 1476 683 1534; x_wconf 86' lang='lat' dir='ltr'>abirent</span> <span class='ocrx_word' id='word_1_91' title='bbox 707 1475 745 1533; x_wconf 88' lang='lat' dir='ltr'>ed</span> <span class='ocrx_word' id='word_1_92' title='bbox 767 1475 878 1534; x_wconf 93' lang='lat' dir='ltr'>cultum</span> <span class='ocrx_word' id='word_1_93' title='bbox 903 1476 994 1535; x_wconf 90' lang='lat' dir='ltr'>alium</span> 
     </span>
     <span class='ocr_line' id='line_1_13' title="bbox 107 1575 966 1652; baseline 0.003 -18"><span class='ocrx_word' id='word_1_94' title='bbox 107 1593 195 1652; x_wconf 85' lang='lat' dir='ltr'>quarn</span> <span class='ocrx_word' id='word_1_95' title='bbox 212 1575 344 1649; x_wconf 83' lang='lat' dir='ltr'>Domini,</span> <span class='ocrx_word' id='word_1_96' title='bbox 365 1576 418 1634; x_wconf 89' lang='lat' dir='ltr'>sed</span> <span class='ocrx_word' id='word_1_97' title='bbox 436 1594 493 1635; x_wconf 92' lang='lat' dir='ltr'>non</span> <span class='ocrx_word' id='word_1_98' title='bbox 508 1577 719 1650; x_wconf 88' lang='lat' dir='ltr'>obediverunt,</span> <span class='ocrx_word' id='word_1_99' title='bbox 743 1594 827 1636; x_wconf 86' lang='lat' dir='ltr'>vers:</span> <span class='ocrx_word' id='word_1_100' title='bbox 849 1580 868 1634; x_wconf 85' lang='grc'>1-</span> <span class='ocrx_word' id='word_1_101' title='bbox 884 1578 922 1636; x_wconf 91' lang='lat' dir='ltr'>ad</span> <span class='ocrx_word' id='word_1_102' title='bbox 938 1584 966 1637; x_wconf 80' lang='grc'><strong>7.</strong></span> 
     </span>
    </p>

    <p class='ocr_par' dir='ltr' id='par_1_7' title="bbox 102 1676 1061 1959">
     <span class='ocr_line' id='line_1_14' title="bbox 155 1676 1061 1755; baseline 0.008 -21"><span class='ocrx_word' id='word_1_103' title='bbox 155 1676 239 1754; x_wconf 89' lang='lat' dir='ltr'>quod</span> <span class='ocrx_word' id='word_1_104' title='bbox 264 1677 332 1735; x_wconf 93' lang='lat' dir='ltr'>ideo</span> <span class='ocrx_word' id='word_1_105' title='bbox 350 1694 436 1736; x_wconf 90' lang='lat' dir='ltr'>onme</span> <span class='ocrx_word' id='word_1_106' title='bbox 460 1678 614 1737; x_wconf 85' lang='lat' dir='ltr'>Ecclesiae</span> <span class='ocrx_word' id='word_1_107' title='bbox 639 1678 721 1755; x_wconf 87' lang='lat' dir='ltr'>apud</span> <span class='ocrx_word' id='word_1_108' title='bbox 742 1677 809 1736; x_wconf 90' lang='lat' dir='ltr'>illos</span> <span class='ocrx_word' id='word_1_109' title='bbox 828 1681 993 1755; x_wconf 87' lang='lat' dir='ltr'>periturum</span> <span class='ocrx_word' id='word_1_110' title='bbox 1031 1686 1061 1741; x_wconf 80' lang='lat'>2.</span> 
     </span>
     <span class='ocr_line' id='line_1_15' title="bbox 102 1762 993 1856; baseline 0.003 -19"><span class='ocrx_word' id='word_1_111' title='bbox 102 1780 152 1837; x_wconf 86' lang='lat' dir='ltr'>sit:</span> <span class='ocrx_word' id='word_1_112' title='bbox 189 1786 221 1837; x_wconf 91' lang='lat' dir='ltr'>et</span> <span class='ocrx_word' id='word_1_113' title='bbox 257 1762 344 1837; x_wconf 83' lang='lat' dir='ltr'>eruut</span> <span class='ocrx_word' id='word_1_114' title='bbox 368 1780 398 1835; x_wconf 91' lang='lat' dir='ltr'>in</span> <span class='ocrx_word' id='word_1_115' title='bbox 423 1779 635 1840; x_wconf 89' lang='lat' dir='ltr'>tentationibus</span> <span class='ocrx_word' id='word_1_116' title='bbox 661 1779 698 1837; x_wconf 88' lang='lat' dir='ltr'>ab</span> <span class='ocrx_word' id='word_1_117' title='bbox 727 1779 786 1838; x_wconf 93' lang='lat' dir='ltr'>illis</span> <span class='ocrx_word' id='word_1_118' title='bbox 812 1782 863 1856; x_wconf 90' lang='lat' dir='ltr'>qui</span> <span class='ocrx_word' id='word_1_119' title='bbox 886 1788 993 1840; x_wconf 87' lang='lat' dir='ltr'>sancta</span> 
     </span>
     <span class='ocr_line' id='line_1_16' title="bbox 103 1879 1007 1959; baseline 0.003 -21"><span class='ocrx_word' id='word_1_120' title='bbox 103 1879 303 1959; x_wconf 87' lang='lat' dir='ltr'>prophanant,</span> <span class='ocrx_word' id='word_1_121' title='bbox 319 1895 403 1939; x_wconf 90' lang='lat' dir='ltr'>vers:</span> <span class='ocrx_word' id='word_1_122' title='bbox 426 1881 443 1937; x_wconf 84' lang='lat'>8</span> <span class='ocrx_word' id='word_1_123' title='bbox 461 1881 499 1938; x_wconf 90' lang='lat' dir='ltr'>ad</span> <span class='ocrx_word' id='word_1_124' title='bbox 516 1884 570 1938; x_wconf 93' lang='grc'>11.</span> <span class='ocrx_word' id='word_1_125' title='bbox 1003 1933 1007 1941; x_wconf 94' lang='grc'><strong>.</strong></span> 
     </span>
    </p>

    <p class='ocr_par' dir='ltr' id='par_1_8' title="bbox 102 1979 1129 2158">
     <span class='ocr_line' id='line_1_17' title="bbox 152 1979 1129 2058; baseline 0.008 -19"><span class='ocrx_word' id='word_1_126' title='bbox 152 1979 236 2058; x_wconf 91' lang='lat' dir='ltr'>quod</span> <span class='ocrx_word' id='word_1_127' title='bbox 253 1980 452 2039; x_wconf 84' lang='lat' dir='ltr'>tentatoribus</span> <span class='ocrx_word' id='word_1_128' title='bbox 472 1988 580 2057; x_wconf 88' lang='lat' dir='ltr'>postea</span> <span class='ocrx_word' id='word_1_129' title='bbox 598 1981 794 2050; x_wconf 90' lang='lat' dir='ltr'>retribuetur,</span> <span class='ocrx_word' id='word_1_130' title='bbox 823 1999 907 2041; x_wconf 88' lang='lat' dir='ltr'>vers:</span> <span class='ocrx_word' id='word_1_131' title='bbox 934 1988 988 2043; x_wconf 81' lang='lat'>12.</span> <span class='ocrx_word' id='word_1_132' title='bbox 1028 1989 1058 2045; x_wconf 72' lang='lat'><strong>3.</strong></span> <span class='ocrx_word' id='word_1_133' title='bbox 1076 1990 1129 2047; x_wconf 88' lang='lat' dir='ltr'>ll.</span> 
     </span>
     <span class='ocr_line' id='line_1_18' title="bbox 102 2072 568 2158; baseline -0.004 -17"><span class='ocrx_word' id='word_1_134' title='bbox 102 2072 568 2158; x_wconf 58' lang='lat' dir='ltr'>&#39;mmmmmfflc</span> 
     </span>
    </p>

    <p class='ocr_par' dir='ltr' id='par_1_9' title="bbox 108 2182 1062 2362">
     <span class='ocr_line' id='line_1_19' title="bbox 153 2182 1062 2261; baseline 0.006 -18"><span class='ocrx_word' id='word_1_135' title='bbox 153 2182 235 2261; x_wconf 88' lang='lat' dir='ltr'>quod</span> <span class='ocrx_word' id='word_1_136' title='bbox 254 2183 438 2258; x_wconf 83' lang='lat' dir='ltr'>cognitiones</span> <span class='ocrx_word' id='word_1_137' title='bbox 456 2185 520 2241; x_wconf 91' lang='lat' dir='ltr'>veri</span> <span class='ocrx_word' id='word_1_138' title='bbox 539 2188 568 2241; x_wconf 92' lang='lat' dir='ltr'>et</span> <span class='ocrx_word' id='word_1_139' title='bbox 585 2182 667 2256; x_wconf 89' lang='lat' dir='ltr'>boui,</span> <span class='ocrx_word' id='word_1_140' title='bbox 687 2188 749 2240; x_wconf 93' lang='lat' dir='ltr'>turn</span> <span class='ocrx_word' id='word_1_141' title='bbox 767 2186 909 2245; x_wconf 89' lang='lat' dir='ltr'>verita-tes</span> <span class='ocrx_word' id='word_1_142' title='bbox 928 2203 993 2244; x_wconf 91' lang='lat' dir='ltr'>om·</span> <span class='ocrx_word' id='word_1_143' title='bbox 1032 2190 1062 2248; x_wconf 88' lang='grc'>3.</span> 
     </span>
     <span class='ocr_line' id='line_1_20' title="bbox 108 2285 989 2362; baseline 0.003 -20"><span class='ocrx_word' id='word_1_144' title='bbox 108 2285 148 2343; x_wconf 91' lang='lat' dir='ltr'>nis</span> <span class='ocrx_word' id='word_1_145' title='bbox 164 2286 289 2362; x_wconf 90' lang='lat' dir='ltr'>generis</span> <span class='ocrx_word' id='word_1_146' title='bbox 305 2291 335 2342; x_wconf 90' lang='lat' dir='ltr'>et</span> <span class='ocrx_word' id='word_1_147' title='bbox 347 2285 461 2359; x_wconf 89' lang='lat' dir='ltr'>speciei</span> <span class='ocrx_word' id='word_1_148' title='bbox 473 2286 624 2360; x_wconf 87' lang='lat' dir='ltr'>periturae</span> <span class='ocrx_word' id='word_1_149' title='bbox 639 2285 706 2353; x_wconf 87' lang='lat' dir='ltr'>sint,</span> <span class='ocrx_word' id='word_1_150' title='bbox 724 2302 809 2344; x_wconf 88' lang='lat' dir='ltr'>vers:</span> <span class='ocrx_word' id='word_1_151' title='bbox 833 2287 874 2345; x_wconf 85' lang='lat'>15</span> <span class='ocrx_word' id='word_1_152' title='bbox 887 2287 989 2345; x_wconf 68' lang='lat' dir='ltr'>adii.</span> 
     </span>
    </p>

    <p class='ocr_par' dir='ltr' id='par_1_10' title="bbox 104 2385 1061 2563">
     <span class='ocr_line' id='line_1_21' title="bbox 152 2385 1061 2463; baseline 0.003 -19"><span class='ocrx_word' id='word_1_153' title='bbox 152 2385 234 2463; x_wconf 91' lang='lat' dir='ltr'>quod</span> <span class='ocrx_word' id='word_1_154' title='bbox 252 2403 314 2443; x_wconf 91' lang='lat' dir='ltr'>non</span> <span class='ocrx_word' id='word_1_155' title='bbox 331 2386 428 2461; x_wconf 92' lang='lat' dir='ltr'>possit</span> <span class='ocrx_word' id='word_1_156' title='bbox 446 2388 515 2461; x_wconf 89' lang='lat' dir='ltr'>quin</span> <span class='ocrx_word' id='word_1_157' title='bbox 539 2385 604 2458; x_wconf 87' lang='lat' dir='ltr'>fiat,</span> <span class='ocrx_word' id='word_1_158' title='bbox 636 2387 725 2443; x_wconf 89' lang='lat' dir='ltr'>otiam</span> <span class='ocrx_word' id='word_1_159' title='bbox 749 2387 829 2462; x_wconf 89' lang='lat' dir='ltr'>apud</span> <span class='ocrx_word' id='word_1_160' title='bbox 850 2387 917 2446; x_wconf 90' lang='lat' dir='ltr'>illos</span> <span class='ocrx_word' id='word_1_161' title='bbox 943 2389 993 2463; x_wconf 92' lang='lat' dir='ltr'>qui</span> <span class='ocrx_word' id='word_1_162' title='bbox 1031 2391 1061 2448; x_wconf 92' lang='lat'><strong>3.</strong></span> 
     </span>
     <span class='ocr_line' id='line_1_22' title="bbox 104 2485 929 2563; baseline 0.002 -19"><span class='ocrx_word' id='word_1_163' title='bbox 104 2488 133 2544; x_wconf 91' lang='lat' dir='ltr'>in</span> <span class='ocrx_word' id='word_1_164' title='bbox 148 2485 370 2563; x_wconf 88' lang='lat' dir='ltr'>cognltionibus</span> <span class='ocrx_word' id='word_1_165' title='bbox 390 2504 427 2544; x_wconf 87' lang='lat' dir='ltr'>ex</span> <span class='ocrx_word' id='word_1_166' title='bbox 444 2486 545 2557; x_wconf 75' lang='lat' dir='ltr'>Verbo</span> <span class='ocrx_word' id='word_1_167' title='bbox 564 2493 640 2561; x_wconf 90' lang='lat' dir='ltr'>suut,</span> <span class='ocrx_word' id='word_1_168' title='bbox 659 2502 745 2543; x_wconf 87' lang='lat' dir='ltr'>vers:</span> <span class='ocrx_word' id='word_1_169' title='bbox 768 2488 929 2558; x_wconf 76' lang='grc'><strong>181130,</strong></span> 
     </span>
    </p>

    <p class='ocr_par' dir='ltr' id='par_1_11' title="bbox 104 2586 1128 2766">
     <span class='ocr_line' id='line_1_23' title="bbox 153 2586 1128 2664; baseline 0.005 -18"><span class='ocrx_word' id='word_1_170' title='bbox 153 2588 234 2664; x_wconf 90' lang='lat' dir='ltr'>quod</span> <span class='ocrx_word' id='word_1_171' title='bbox 252 2605 313 2646; x_wconf 92' lang='lat' dir='ltr'>nou</span> <span class='ocrx_word' id='word_1_172' title='bbox 332 2587 425 2644; x_wconf 92' lang='lat' dir='ltr'>ullum</span> <span class='ocrx_word' id='word_1_173' title='bbox 445 2604 551 2644; x_wconf 91' lang='lat' dir='ltr'>verum</span> <span class='ocrx_word' id='word_1_174' title='bbox 568 2586 709 2662; x_wconf 84' lang='lat' dir='ltr'>amplius,</span> <span class='ocrx_word' id='word_1_175' title='bbox 743 2586 822 2661; x_wconf 92' lang='lat' dir='ltr'>quod</span> <span class='ocrx_word' id='word_1_176' title='bbox 838 2603 901 2664; x_wconf 26' lang='lat' dir='ltr'>non.</span> <span class='ocrx_word' id='word_1_177' title='bbox 913 2604 984 2663; x_wconf 90' lang='lat' dir='ltr'>pro·</span> <span class='ocrx_word' id='word_1_178' title='bbox 1022 2591 1053 2649; x_wconf 91' lang='lat'>3.</span> <span class='ocrx_word' id='word_1_179' title='bbox 1074 2594 1128 2652; x_wconf 91' lang='grc'>11.</span> 
     </span>
     <span class='ocr_line' id='line_1_24' title="bbox 104 2686 1080 2766; baseline 0.005 -19"><span class='ocrx_word' id='word_1_180' title='bbox 104 2688 285 2765; x_wconf 87' lang='lat' dir='ltr'>phanatum,</span> <span class='ocrx_word' id='word_1_181' title='bbox 315 2705 399 2746; x_wconf 88' lang='lat' dir='ltr'>vers:</span> <span class='ocrx_word' id='word_1_182' title='bbox 422 2690 463 2746; x_wconf 90' lang='lat'><strong>31</strong></span> <span class='ocrx_word' id='word_1_183' title='bbox 483 2687 521 2745; x_wconf 87' lang='lat' dir='ltr'>ad</span> <span class='ocrx_word' id='word_1_184' title='bbox 535 2688 589 2745; x_wconf 88' lang='lat'>33.</span> <span class='ocrx_word' id='word_1_185' title='bbox 617 2686 788 2745; x_wconf 83' lang='lat' dir='ltr'>lamentatio</span> <span class='ocrx_word' id='word_1_186' title='bbox 806 2686 919 2747; x_wconf 90' lang='lat' dir='ltr'>abillis</span> <span class='ocrx_word' id='word_1_187' title='bbox 938 2691 989 2766; x_wconf 89' lang='lat' dir='ltr'>qui</span> <span class='ocrx_word' id='word_1_188' title='bbox 1026 2694 1080 2752; x_wconf 92' lang='lat' dir='ltr'>ll.</span> 
     </span>
    </p>
   </div>
   <div class='ocr_carea' id='block_1_3' title="bbox 104 2789 901 2862">
    <p class='ocr_par' dir='ltr' id='par_1_12' title="bbox 104 2789 901 2862">
     <span class='ocr_line' id='line_1_25' title="bbox 104 2789 901 2862; baseline -0.001 -13"><span class='ocrx_word' id='word_1_189' title='bbox 104 2790 227 2849; x_wconf 90' lang='lat' dir='ltr'>inbono</span> <span class='ocrx_word' id='word_1_190' title='bbox 247 2797 278 2849; x_wconf 94' lang='lat' dir='ltr'>et</span> <span class='ocrx_word' id='word_1_191' title='bbox 295 2789 363 2847; x_wconf 92' lang='lat' dir='ltr'>inde</span> <span class='ocrx_word' id='word_1_192' title='bbox 380 2791 411 2846; x_wconf 93' lang='lat' dir='ltr'>in</span> <span class='ocrx_word' id='word_1_193' title='bbox 428 2791 507 2848; x_wconf 89' lang='lat' dir='ltr'>veris</span> <span class='ocrx_word' id='word_1_194' title='bbox 528 2795 606 2862; x_wconf 90' lang='lat' dir='ltr'>sunt,</span> <span class='ocrx_word' id='word_1_195' title='bbox 626 2804 711 2847; x_wconf 87' lang='lat' dir='ltr'>vers:</span> <span class='ocrx_word' id='word_1_196' title='bbox 735 2790 778 2847; x_wconf 87' lang='grc'>34</span> <span class='ocrx_word' id='word_1_197' title='bbox 794 2789 832 2847; x_wconf 89' lang='lat' dir='ltr'>ad</span> <span class='ocrx_word' id='word_1_198' title='bbox 846 2791 901 2849; x_wconf 88' lang='lat'>33.</span> 
     </span>
    </p>
   </div>
   <div class='ocr_carea' id='block_1_4' title="bbox 103 2914 1060 3190">
    <p class='ocr_par' dir='ltr' id='par_1_13' title="bbox 103 2914 1060 3190">
     <span class='ocr_line' id='line_1_26' title="bbox 156 2914 1060 2994; baseline -0.001 -18"><span class='ocrx_word' id='word_1_199' title='bbox 156 2916 238 2994; x_wconf 81' lang='lat' dir='ltr'>Cap:</span> <span class='ocrx_word' id='word_1_200' title='bbox 263 2916 381 2975; x_wconf 90' lang='lat' dir='ltr'><strong>XXVI.</strong></span> <span class='ocrx_word' id='word_1_201' title='bbox 414 2914 551 2973; x_wconf 89' lang='lat' dir='ltr'>Hortatio</span> <span class='ocrx_word' id='word_1_202' title='bbox 570 2933 588 2973; x_wconf 91' lang='lat' dir='ltr'>a</span> <span class='ocrx_word' id='word_1_203' title='bbox 605 2915 748 2990; x_wconf 90' lang='lat' dir='ltr'>Domino,</span> <span class='ocrx_word' id='word_1_204' title='bbox 781 2923 815 2974; x_wconf 89' lang='lat' dir='ltr'>ut</span> <span class='ocrx_word' id='word_1_205' title='bbox 834 2919 992 2992; x_wconf 89' lang='lat' dir='ltr'>poeniten·</span> <span class='ocrx_word' id='word_1_206' title='bbox 1030 2923 1060 2980; x_wconf 78' lang='lat'>2.</span> 
     </span>
     <span class='ocr_line' id='line_1_27' title="bbox 103 3016 989 3096; baseline 0.001 -20"><span class='ocrx_word' id='word_1_207' title='bbox 103 3020 176 3076; x_wconf 88' lang='lat' dir='ltr'>tiam</span> <span class='ocrx_word' id='word_1_208' title='bbox 194 3023 331 3094; x_wconf 83' lang='lat' dir='ltr'>agerent,</span> <span class='ocrx_word' id='word_1_209' title='bbox 361 3024 391 3075; x_wconf 90' lang='lat' dir='ltr'>et</span> <span class='ocrx_word' id='word_1_210' title='bbox 412 3018 549 3075; x_wconf 89' lang='lat' dir='ltr'>viverent</span> <span class='ocrx_word' id='word_1_211' title='bbox 574 3016 738 3075; x_wconf 86' lang='lat' dir='ltr'>seeundum</span> <span class='ocrx_word' id='word_1_212' title='bbox 755 3026 919 3095; x_wconf 87' lang='lat' dir='ltr'>praecepta</span> <span class='ocrx_word' id='word_1_213' title='bbox 935 3018 989 3096; x_wconf 92' lang='lat' dir='ltr'>Ip-</span> 
     </span>
     <span class='ocr_line' id='line_1_28' title="bbox 103 3117 594 3190; baseline 0 -13"><span class='ocrx_word' id='word_1_214' title='bbox 103 3120 215 3178; x_wconf 88' lang='lat' dir='ltr'>sinsin</span> <span class='ocrx_word' id='word_1_215' title='bbox 232 3118 350 3190; x_wconf 89' lang='lat' dir='ltr'>Verbo,</span> <span class='ocrx_word' id='word_1_216' title='bbox 370 3134 454 3176; x_wconf 89' lang='lat' dir='ltr'>vers:</span> <span class='ocrx_word' id='word_1_217' title='bbox 478 3121 491 3174; x_wconf 95' lang='grc'>1</span> <span class='ocrx_word' id='word_1_218' title='bbox 510 3117 548 3175; x_wconf 88' lang='lat' dir='ltr'>ad</span> <span class='ocrx_word' id='word_1_219' title='bbox 566 3120 594 3177; x_wconf 84' lang='lat'>5.</span> 
     </span>
    </p>
   </div>
   <div class='ocr_carea' id='block_1_5' title="bbox 101 3237 1060 3400">
    <p class='ocr_par' dir='ltr' id='par_1_14' title="bbox 101 3237 1060 3400">
     <span class='ocr_line' id='line_1_29' title="bbox 157 3237 1060 3329; baseline 0.003 -32"><span class='ocrx_word' id='word_1_220' title='bbox 157 3238 236 3316; x_wconf 91' lang='lat' dir='ltr'>quod</span> <span class='ocrx_word' id='word_1_221' title='bbox 260 3237 392 3329; x_wconf 81' lang='lat' dir='ltr'>alioquin</span> <span class='ocrx_word' id='word_1_222' title='bbox 414 3237 552 3296; x_wconf 82' lang='lat' dir='ltr'>Ecclesia</span> <span class='ocrx_word' id='word_1_223' title='bbox 577 3238 656 3314; x_wconf 87' lang='lat' dir='ltr'>apud</span> <span class='ocrx_word' id='word_1_224' title='bbox 685 3237 753 3296; x_wconf 89' lang='lat' dir='ltr'>illos</span> <span class='ocrx_word' id='word_1_225' title='bbox 779 3238 991 3314; x_wconf 88' lang='lat' dir='ltr'>destrueretur,</span> <span class='ocrx_word' id='word_1_226' title='bbox 1031 3245 1060 3300; x_wconf 81' lang='lat'>2.</span> 
     </span>
     <span class='ocr_line' id='line_1_30' title="bbox 101 3342 242 3400; baseline -0.007 -1"><span class='ocrx_word' id='word_1_227' title='bbox 101 3357 189 3400; x_wconf 70' lang='lat' dir='ltr'>verse</span> <span class='ocrx_word' id='word_1_228' title='bbox 212 3342 242 3398; x_wconf 86' lang='grc'><strong>6.</strong></span> 
     </span>
    </p>
   </div>
   <div class='ocr_carea' id='block_1_6' title="bbox 101 3456 1057 3740">
    <p class='ocr_par' dir='ltr' id='par_1_15' title="bbox 101 3456 1057 3740">
     <span class='ocr_line' id='line_1_31' title="bbox 155 3456 1057 3537; baseline -0.002 -19"><span class='ocrx_word' id='word_1_229' title='bbox 155 3462 235 3537; x_wconf 90' lang='lat' dir='ltr'>quod</span> <span class='ocrx_word' id='word_1_230' title='bbox 251 3461 363 3518; x_wconf 91' lang='lat' dir='ltr'>malum</span> <span class='ocrx_word' id='word_1_231' title='bbox 383 3466 412 3517; x_wconf 91' lang='lat' dir='ltr'>et</span> <span class='ocrx_word' id='word_1_232' title='bbox 429 3459 537 3516; x_wconf 85' lang='lat' dir='ltr'>falsum</span> <span class='ocrx_word' id='word_1_233' title='bbox 559 3457 709 3533; x_wconf 87' lang='lat' dir='ltr'>religionis</span> <span class='ocrx_word' id='word_1_234' title='bbox 728 3456 990 3515; x_wconf 87' lang='lat' dir='ltr'>condemnaverint</span> <span class='ocrx_word' id='word_1_235' title='bbox 1027 3461 1057 3516; x_wconf 82' lang='lat'>9.</span> 
     </span>
     <span class='ocr_line' id='line_1_32' title="bbox 101 3555 985 3639; baseline -0.007 -19"><span class='ocrx_word' id='word_1_236' title='bbox 101 3560 207 3639; x_wconf 91' lang='lat' dir='ltr'>Ipsum</span> <span class='ocrx_word' id='word_1_237' title='bbox 230 3564 335 3635; x_wconf 86' lang='lat' dir='ltr'>morti,</span> <span class='ocrx_word' id='word_1_238' title='bbox 363 3576 447 3618; x_wconf 90' lang='lat' dir='ltr'>vers:</span> <span class='ocrx_word' id='word_1_239' title='bbox 480 3557 601 3616; x_wconf 78' lang='grc'><strong>1119.</strong></span> <span class='ocrx_word' id='word_1_240' title='bbox 646 3555 700 3614; x_wconf 93' lang='lat' dir='ltr'>scd</span> <span class='ocrx_word' id='word_1_241' title='bbox 724 3571 797 3612; x_wconf 89' lang='lat' dir='ltr'>vera</span> <span class='ocrx_word' id='word_1_242' title='bbox 823 3555 985 3631; x_wconf 89' lang='lat' dir='ltr'>Ecclesiae,</span> 
     </span>
     <span class='ocr_line' id='line_1_33' title="bbox 103 3655 987 3740; baseline -0.006 -18"><span class='ocrx_word' id='word_1_243' title='bbox 103 3663 175 3739; x_wconf 83' lang='lat' dir='ltr'>quta</span> <span class='ocrx_word' id='word_1_244' title='bbox 190 3663 334 3740; x_wconf 89' lang='lat' dir='ltr'>loquutus</span> <span class='ocrx_word' id='word_1_245' title='bbox 350 3668 446 3719; x_wconf 86' lang='lat' dir='ltr'>estex</span> <span class='ocrx_word' id='word_1_246' title='bbox 456 3659 575 3732; x_wconf 87' lang='lat' dir='ltr'>Divino,</span> <span class='ocrx_word' id='word_1_247' title='bbox 594 3656 777 3715; x_wconf 88' lang='lat' dir='ltr'>absolverint</span> <span class='ocrx_word' id='word_1_248' title='bbox 787 3655 887 3727; x_wconf 83' lang='lat' dir='ltr'>illum,</span> <span class='ocrx_word' id='word_1_249' title='bbox 901 3673 987 3718; x_wconf 86' lang='lat' dir='ltr'>vers:</span> 
     </span>
    </p>
   </div>
   <div class='ocr_carea' id='block_1_7' title="bbox 105 3764 277 3822">
    <p class='ocr_par' dir='ltr' id='par_1_16' title="bbox 105 3764 277 3822">
     <span class='ocr_line' id='line_1_34' title="bbox 105 3764 277 3822; baseline 0 0"><span class='ocrx_word' id='word_1_250' title='bbox 105 3764 277 3822; x_wconf 83' lang='lat' dir='ltr'>loadre.</span> 
     </span>
    </p>
   </div>
   <div class='ocr_carea' id='block_1_8' title="bbox 104 3879 1058 4062">
    <p class='ocr_par' dir='ltr' id='par_1_17' title="bbox 104 3879 1058 4062">
     <span class='ocr_line' id='line_1_35' title="bbox 154 3879 1058 3958; baseline -0.001 -15"><span class='ocrx_word' id='word_1_251' title='bbox 154 3883 365 3943; x_wconf 89' lang='lat' dir='ltr'>documentum</span> <span class='ocrx_word' id='word_1_252' title='bbox 377 3881 457 3958; x_wconf 92' lang='lat' dir='ltr'>quod</span> <span class='ocrx_word' id='word_1_253' title='bbox 470 3897 530 3940; x_wconf 90' lang='lat' dir='ltr'>non</span> <span class='ocrx_word' id='word_1_254' title='bbox 542 3879 631 3938; x_wconf 88' lang='lat' dir='ltr'>morti</span> <span class='ocrx_word' id='word_1_255' title='bbox 644 3879 905 3941; x_wconf 87' lang='lat' dir='ltr'>condemnaverint</span> <span class='ocrx_word' id='word_1_256' title='bbox 923 3898 990 3942; x_wconf 91' lang='lat' dir='ltr'>cum</span> <span class='ocrx_word' id='word_1_257' title='bbox 1027 3885 1058 3942; x_wconf 93' lang='grc'><strong>9.</strong></span> 
     </span>
     <span class='ocr_line' id='line_1_36' title="bbox 104 3981 791 4062; baseline -0.009 -18"><span class='ocrx_word' id='word_1_258' title='bbox 104 3985 266 4062; x_wconf 88' lang='lat' dir='ltr'>inspiratus</span> <span class='ocrx_word' id='word_1_259' title='bbox 284 3983 426 4059; x_wconf 89' lang='lat' dir='ltr'>loquutus</span> <span class='ocrx_word' id='word_1_260' title='bbox 446 3989 500 4058; x_wconf 88' lang='grc'><strong>111,</strong></span> <span class='ocrx_word' id='word_1_261' title='bbox 519 3997 606 4049; x_wconf 88' lang='lat' dir='ltr'>vers:</span> <span class='ocrx_word' id='word_1_262' title='bbox 628 3984 670 4040; x_wconf 81' lang='lat'>17</span> <span class='ocrx_word' id='word_1_263' title='bbox 685 3981 723 4040; x_wconf 90' lang='lat' dir='ltr'>ad</span> <span class='ocrx_word' id='word_1_264' title='bbox 737 3983 791 4040; x_wconf 92' lang='grc'>19.</span> 
     </span>
    </p>
   </div>
   <div class='ocr_carea' id='block_1_9' title="bbox 107 4099 1059 4267">
    <p class='ocr_par' dir='ltr' id='par_1_18' title="bbox 107 4099 1059 4267">
     <span class='ocr_line' id='line_1_37' title="bbox 152 4099 1059 4182; baseline -0.003 -19"><span class='ocrx_word' id='word_1_265' title='bbox 152 4112 273 4182; x_wconf 89' lang='lat' dir='ltr'>praeter</span> <span class='ocrx_word' id='word_1_266' title='bbox 290 4121 397 4178; x_wconf 94' lang='lat' dir='ltr'>unum,</span> <span class='ocrx_word' id='word_1_267' title='bbox 423 4105 473 4180; x_wconf 90' lang='lat' dir='ltr'>qui</span> <span class='ocrx_word' id='word_1_268' title='bbox 490 4100 566 4162; x_wconf 86' lang='lat' dir='ltr'>salse</span> <span class='ocrx_word' id='word_1_269' title='bbox 583 4099 725 4178; x_wconf 85' lang='lat' dir='ltr'>loquutus</span> <span class='ocrx_word' id='word_1_270' title='bbox 745 4107 806 4176; x_wconf 87' lang='lat' dir='ltr'>est,</span> <span class='ocrx_word' id='word_1_271' title='bbox 837 4118 922 4161; x_wconf 88' lang='lat' dir='ltr'>vers:</span> <span class='ocrx_word' id='word_1_272' title='bbox 944 4104 988 4161; x_wconf 79' lang='lat'>20</span> <span class='ocrx_word' id='word_1_273' title='bbox 1028 4105 1059 4160; x_wconf 91' lang='grc'><strong>9.</strong></span> 
     </span>
     <span class='ocr_line' id='line_1_38' title="bbox 107 4205 215 4267; baseline 0.009 -3"><span class='ocrx_word' id='word_1_274' title='bbox 107 4205 143 4264; x_wconf 81' lang='lat' dir='ltr'>ad</span> <span class='ocrx_word' id='word_1_275' title='bbox 162 4209 215 4267; x_wconf 78' lang='lat'>23.</span> 
     </span>
    </p>
   </div>
   <div class='ocr_carea' id='block_1_10' title="bbox 0 0 1268 4808">
    <p class='ocr_par' dir='ltr' id='par_1_19' title="bbox 0 0 1268 4808">
     <span class='ocr_line' id='line_1_39' title="bbox 0 0 1268 4808; baseline 0 0"><span class='ocrx_word' id='word_1_276' title='bbox 0 0 1268 4808; x_wconf 95' lang='lat' dir='ltr'> </span> 
     </span>
    </p>
   </div>
  </div>
 </body>
</html>
