2528 4808
101 321 135 373 72
359 304 494 361 DANIEL
515 305 594 361 CAP.
617 301 675 368 Vll,
698 312 734 365 23
758 303 831 366 -X,
855 312 882 361 3.

204 472 233 528 3.
288 483 377 544 quam
400 465 466 524 sola
490 463 565 522 fides
591 462 753 535 destruxit,
780 478 868 519 vere:
897 461 951 518 23.
976 462 1031 517 24.
1062 477 1155 536 ‹pirae-

267 585 324 644 que
342 566 447 642 Ipsum
465 563 625 622 Domiuum
645 559 815 636 vilipendit,
836 577 921 618 vers:
940 561 996 618 25.

183 669 236 728 15.
289 666 418 725 Domum
433 662 513 741 quod
530 662 574 721 illi
593 663 641 738 qui
659 663 689 719 in
704 661 845 720 sola'fide
859 660 1016 737 judicandi
1034 663 1110 731 sint,
1128 668 1157 718 et

180 772 235 827 11.
288 783 366 824 nova
383 764 521 824 Ecclesia
545 781 563 820 a
586 763 714 821 Domino
740 761 952 836 instauranda,
982 777 1068 820 vers:
1100 763 1155 819 26.

268 870 324 925 27.
352 865 494 936 siclinis,
524 879 609 921 vers:
631 864 687 921 28.

182 971 235 1026 ll.
289 965 369 1042 Cap:
388 964 472 1023 VIII.
498 962 684 1038 praedictum
703 962 740 1021 de
753 961 891 1020 Ecclesia
905 961 1006 1037 quoad
1024 961 1155 1020 eharita-

267 1073 328 1124 tem
347 1073 376 1124 et
396 1063 495 1141 quoad
512 1063 610 1122 fidem.
637 1062 684 1121 De
702 1061 840 1122 Ecclesia
858 1079 935 1138 quae
953 1064 984 1119 in
1001 1062 1061 1120 tide
1080 1064 1155 1120 etin

267 1165 412 1224 charitate
431 1170 461 1222 et
474 1164 540 1241 ejus
558 1165 701 1238 potentia,
727 1178 814 1221 vers:
839 1166 853 1220 1
871 1162 908 1218 ad
925 1163 955 1220 3.

182 1269 238 1324 ll.
291 1264 371 1342 qnod
389 1265 517 1323 creverit
532 1265 563 1321 in
581 1281 654 1322 vera
672 1269 702 1322 et
718 1263 805 1337 bona,
825 1279 908 1321 vers:
930 1266 961 1333 4,

205 1370 235 1424 2.
273 1364 354 1441 quod
364 1363 512 1423 solafides
523 1363 698 1422 charitatem
707 1379 831 1438 prorsus
842 1363 1021 1435 destrueret,
1032 1378 1111 1420 vers:
1127 1364 1155 1420 5.

171 1465 233 1544 [2.]
287 1464 367 1542 quod
378 1463 569 1540 praevaleret
586 1481 641 1539 per
654 1465 818 1537 ratiocinia,
837 1480 893 1538 per
907 1479 984 1538 quae
999 1462 1153 1521 doctrinae

265 1583 338 1624 vera
356 1582 392 1622 ex
411 1563 512 1623 Verbo
531 1564 707 1638 dissiparet,
735 1579 820 1622 vers:
844 1563 914 1621 ssad
932 1562 985 1619 10.

207 1669 237 1723 2.
292 1664 370 1740 quod
390 1664 502 1722 cultum
525 1662 646 1721 Domini
670 1663 839 1722 destrueret
859 1680 919 1721 una
945 1679 1013 1721 cnm
1036 1661 1155 1721 Divinis

264 1766 605 1834 veris,vers:ll.12.
666 1789 673 1800 ·

206 1869 235 1923 1.
290 1863 369 1940 qnod
386 1864 443 1922 hoc
461 1863 550 1923 fieret
565 1881 661 1941 usque
680 1864 719 1922 ad
737 1864 897 1923 adventum
914 1863 1049 1937 Domini,
1072 1879 1154 1921 vers:

268 1965 400 2023 1314.

204 2069 232 2123 2.
287 2065 468 2142 explicatum
484 2083 574 2142 porro
581 2109 591 2141 ,
620 2065 700 2142 quod
716 2065 773 2124 hoc
793 2080 859 2122 cnm
877 2064 1024 2122 Dorulaus
1043 2068 1152 2122 ventu-

204 2168 232 2223 1.
285 2164 636 2240 rus,vers:15ed19.

152 2267 183 2325 3.
200 2266 231 2323 4.
285 2264 365 2340 quod
385 2263 451 2323 sola
474 2264 548 2323 fides
574 2265 682 2341 perdet
710 2263 894 2344 Ecclesiam,
929 2271 959 2322 et
988 2263 1151 2323 Dominum

263 2363 440 2441 vilipendet,
458 2382 543 2424 vers:
565 2367 610 2424 20
626 2365 665 2423 ad
680 2366 735 2439 25,

204 2467 235 2524 3.
290 2465 369 2541 qnod
391 2464 448 2524 hoc
470 2465 536 2524 finis
559 2464 732 2535 Ecclesiae,
758 2481 843 2524 vers:
870 2467 925 2538 26,
957 2463 1042 2540 *qnod
1066 2447 1150 2522 triste

264 2571 396 2643 tempus,
420 2582 506 2624 vers:
528 2569 582 2624 27.

154 2667 182 2722 l.
202 2667 232 2724 3.
287 2664 366 2742 Cap:
385 2664 440 2724 IX.
472 2665 520 2724 De
538 2664 669 2724 adventu
692 2665 828 2735 DomIni,
855 2665 939 2723 etde
962 2664 1152 2722 fiueutrins-

156 2765 164 2783 '
263 2782 320 2840 qne
337 2764 508 2839 Ecclesiae,
534 2768 645 2823 veteris
664 2771 694 2824 et
718 2782 830 2839 novae,
858 2764 1003 2823 revelatio
1031 2764 1068 2822 de
1093 2763 1150 2822 fine

262 2863 432 2938 Ecclesiae,
452 2880 537 2924 vers:
561 2867 575 2922 1
593 2863 631 2924 ad
648 2867 677 2923 3.

202 2964 232 3022 3.
288 2961 443 3022 Confessio
462 2964 499 3022 de
517 2964 655 3024 Ecclesia
672 2964 802 3024 Judaica
825 2965 993 3041 deperdita,
1022 2980 1108 3025 vers:
1129 2966 1148 3020 4

264 3063 303 3121 ad
321 3065 374 3121 19.
403 3063 557 3138 revelatio,
576 3080 663 3123 vers:
684 3066 729 3123 20
744 3065 784 3123 ad
798 3051 853 3124 23.

141 3232 145 3241 .
177 3164 232 3221 15.
287 3163 366 3239 qnod
382 3169 543 3239 postquam
561 3164 699 3224 Ecclesia
711 3171 916 3234 consummata
934 3169 1082 3238 est„tnne
1096 3163 1149 3239 ju-

262 3263 372 3322 dicium
402 3264 515 3338 veniet,
548 3281 584 3323 ae
617 3263 733 3324 desinet
760 3264 910 3336 Verbum,
945 3270 975 3322 et
1002 3262 1150 3323 Dominus

177 3365 231 3422 10.
284 3362 504 3440 glorificaturus
523 3366 561 3421 sit
578 3365 751 3423 Humanum
765 3381 862 3440 snum,
881 3380 951 3424 vers
972 3366 1028 3422 24.

174 3468 229 3523 ll.
284 3464 362 3541 quod
381 3481 460 3522 nova
480 3463 618 3535 Ecclesia
634 3471 743 3546 postea
759 3465 988 3537 instaurabitur,
1017 3463 1149 3522 sednon

258 3564 360 3639 sttcile,
380 3581 464 3624 vers:
486 3565 541 3623 25.

198 3666 228 3722 3.
280 3645 360 3740 qnod
384 3663 466 3721 illam
483 3663 650 3731 Ecclesiam
667 3665 795 3728 invadet
811 3671 921 3742 postea
938 3663 1048 3727 falsum
1070 3663 1149 3740 quod

257 3762 365 3839 perdet
380 3762 471 3836 illam,
492 3780 577 3822 vers:
600 3767 679 3828 26„
801 3763 808 3777 '
879 3748 883 3754 ’

175 3864 230 3918 11.
285 3859 366 3937 qnod
382 3877 478 3937 nsque
496 3863 667 3922 reformatio
685 3865 785 3923 futura
802 3867 856 3939 sit,
889 3864 944 3923 sed
962 3867 1052 3923 etiam
1071 3863 1147 3922 haec

196 3963 226 4019 3.
277 3959 414 4020 Ecclesia
432 3978 450 4017 a
467 3965 556 4020 meris
574 3962 659 4022 salsis
679 3970 708 4023 et
727 3965 813 4024 malis
831 3966 967 4040 peritura
983 3970 1038 4040 est,
1060 3979 1146 4042 vers:

259 4066 314 4119 or.
342 4043 452 4118 nacti:
471 4061 591 4121 xxiv:
615 4064 668 4122 15.

198 4166 224 4219 1.
281 4160 357 4237 Cap:
377 4159 422 4219 X:
450 4163 533 4221 visus
552 4163 708 4234 Dominus,
727 4181 813 4223 vers:
840 4165 908 4222 lad
924 4168 954 4223 6.
