2610 4814
154 378 208 431 116
416 369 549 424 PSALM:
572 368 651 432 CVII,
674 377 708 428 33
732 365 864 431 -cxm,
887 377 913 426 6.

322 528 488 588 Celebratie
503 527 637 602 Domini,
665 527 744 604 quod
761 526 805 585 illi
823 529 873 603 qui
891 526 928 584 ab
944 526 1081 585 Ecclesia
1103 527 1198 588 deva-

315 635 394 688 stata
412 629 515 705 rejecti
533 629 601 699 sint,
618 645 704 686 vers:
736 630 790 687 33.
812 629 867 687 34.
886 629 940 686 39.
963 629 1019 686 40.

232 734 285 789 11.
340 736 369 787 et
388 730 466 807 qued
484 731 534 805 qui
553 744 568 787 c
589 746 667 787 nova
680 728 817 787 Ecclesia
835 730 998 804 acceptati,
1024 728 1105 804 apud
1124 745 1199 804 quos

313 848 385 889 vera
403 835 432 889 et
452 830 530 888 bona
549 828 836 906 multiplicabuntur,
862 845 946 889 vers:
969 829 1011 888 35
1024 819 1127 888 adas.
1151 833 1195 888 41

316 931 354 989 ad
375 933 430 990 43.

155 1034 249 1094 133.
263 1035 293 1092 8.
345 1032 461 1090 Psalm:
481 1031 590 1090 CVIII.
626 1029 728 1090 Oratio
751 1032 872 1089 Doqui
896 1029 934 1088 ad
954 1030 1075 1089 Patrem
1093 1037 1127 1088 ut
1145 1047 1196 1089 as-

315 1134 415 1207 sistat,
445 1138 474 1191 41
493 1135 655 1208 potentiam
674 1150 758 1190 suam
781 1131 932 1205 ostendat,
961 1148 1045 1190 vers:
1076 1131 1148 1190 lad
1166 1135 1195 1190 6.

315 1241 347 1292 ut
360 1233 403 1292 illi
418 1237 468 1310 qui
483 1233 519 1291 ab
537 1233 674 1292 Ecclesia
692 1235 783 1291 futuri
796 1232 968 1304 liberentur,
991 1249 1076 1291 vers:
1100 1238 1129 1290 7.

254 1339 283 1397 3.
335 1352 511 1411 responsum
527 1334 606 1410 quod
619 1333 756 1392 Ecclesia
769 1336 850 1411 prior
864 1334 1043 1402 destruetur,
1056 1350 1143 1392 vers:
1163 1335 1193 1408 8,

229 1442 283 1496 11.
337 1441 366 1495 41
386 1435 523 1494 Ecclesia
549 1438 664 1493 interna
688 1443 717 1494 et
745 1441 868 1493 externa
894 1435 1080 1509 instituetur,
1106 1450 1194 1493 vers:

317 1539 427 1596 9.10.

230 1641 283 1697 10.
336 1637 415 1712 qued
439 1638 608 1696 Humanum
634 1636 777 1694 Divinum
802 1635 853 1696 fiet
874 1635 1041 1713 subjugatis
1062 1637 1194 1711 infernis,

312 1755 396 1796 vers:
422 1741 460 1796 11
481 1737 518 1794 ad
538 1740 590 1795 14.

252 1844 283 1898 4.
336 1840 391 1898 Ps:
417 1838 495 1898 CIX.
535 1838 583 1897 De
607 1837 745 1896 Ecclesia
769 1856 914 1915 perversa
939 1838 1081 1914 Judaica,
1117 1838 1195 1915 quod

312 1941 513 2016 repudr'averit
532 1939 706 2008 Dominum,
725 1945 754 1997 et
766 1957 821 2016 pre
839 1940 905 2014 vili,
927 1947 957 2000 et
975 1940 1042 1998 edio
1057 1940 1196 1999 habuerit

312 2030 535 2117 Ipsum,'veirs:
565 2041 638 2098 led
656 2041 684 2098 6.

153 2145 207 2203 1-5.
227 2146 281 2201 11.
334 2143 412 2218 quod
426 2146 455 2200 in
469 2141 582 2218 judicie
602 2142 742 2218 perituri,
764 2148 793 2199 et
807 2141 886 2217 qued
907 2143 957 2200 alii
979 2141 1045 2201 lece
1066 2141 1193 2216 illorum,

314 2247 364 2320 qui
381 2242 552 2320 recipiendi,
570 2242 650 2318 apud
664 2258 737 2317 quos
755 2242 905 2316 Ecclesia,
931 2260 1016 2301 vers:
1048 2243 1192 2301 741119.

151 2348 183 2406 4.
204 2347 233 2405 3.
256 2348 287 2404 4.
340 2345 475 2430 similiter
489 2361 556 2402 cum
569 2344 697 2420 posteris
710 2341 844 2412 illorum,
861 2344 942 2420 'qued
954 2346 1097 2420 perituri,
1123 2346 1194 2421 quia

311 2450 341 2504 in
355 2446 439 2504 salsis
454 2445 538 2517 mali,
553 2452 582 2503 et
596 2447 666 2520 quia
679 2444 815 2520 rejiciunt
828 2445 1004 2518 Dominum,
1023 2454 1112 2504 vers:
1137 2447 1192 2504 13.

314 2548 351 2606 ad
368 2550 423 2606 90.

153 2650 291 2709 1343.
346 2650 384 2707 ad
406 2650 525 2707 Patrem
543 2654 576 2705 ut
596 2650 718 2706 assistat
741 2649 810 2723 quia
833 2664 887 2723 pre
911 2647 963 2705 vili
984 2652 1013 2705 et
1037 2663 1091 2722 pre
1109 2645 1190 2703 nulle

314 2751 450 2824 habituS,
482 2767 566 2808 vers:
594 2749 757 2806 aradae.
790 2755 823 2805 ut
844 2749 1013 2823 pudefiant,
1040 2763 1124 2806 versa
1145 2748 1189 2804 96

314 2851 352 2909 ad
370 2853 425 2908 99.
445 2850 605 2909 celebratio
618 2851 715 2909 Patris
730 2849 809 2925 quod
823 2850 953 2923 assistat,
964 2865 1043 2907 vers:
1066 2850 1120 2907 30.
1135 2849 1190 2906 31.

250 2953 279 3009 8.
330 2952 385 3010 Ps:
414 2950 477 3009 CX.
517 2951 553 3008 de
578 2953 701 3009 victoria
726 2951 844 3008 DomIni
872 2966 963 3026 super
992 2950 1122 3022 Inferna,
1152 2966 1190 3008 ex

312 3071 371 3128 qua
383 3052 447 3128 Ipsi
460 3052 619 3111 dominium
632 3067 724 3127 super
739 3050 856 3111 eoelum
870 3057 900 3110 et
914 3056 1032 3124 terram,
1050 3065 1135 3108 vers:
1160 3051 1189 3106 1.

312 3153 350 3212 ad
371 3155 400 3212 3.

203 3254 265 3313 NB.
335 3253 414 3330 quod
441 3254 508 3312 inde
534 3253 597 3330 Ipsi
617 3259 752 3331 potestas
775 3268 865 3327 super
884 3251 1028 3326 Inferna„
1054 3267 1138 3310 vers:
1169 3253 1188 3308 4

175 3358 283 3415 8.10.
311 3356 349 3414 ad
371 3361 399 3414 7.

151 3459 205 3516 16.
230 3461 283 3517 11.
336 3459 392 3516 Ps:
413 3455 491 3517 CXI.
521 3455 688 3517 Celebratio
704 3462 733 3514 et
748 3455 896 3514 consessio
909 3454 1041 3528 Domini,
1061 3469 1147 3511 vers:
1172 3455 1186 3510 1

312 3559 350 3617 ad
371 3562 401 3616 4.
427 3558 506 3634 qued
529 3557 690 3618 redemerit
711 3556 863 3626 homiues,
889 3561 920 3614 et
936 3553 1016 3631 quod
1038 3553 1137 3618 salvet
1160 3554 1190 3612 in

310 3666 472 3733 aeternum,
492 3675 576 3718 vers:
605 3660 620 3718 5
638 3658 676 3717 ad
692 3659 722 3715 9.

225 3762 266 3817 17
273 3804 279 3816 .
333 3759 411 3835 quod
428 3759 531 3835 Ipsum
544 3761 641 3820 celere
655 3762 695 3818 sit
707 3758 862 3834 sapientia,
882 3773 966 3816 vers:
994 3758 1047 3814 10.

225 3861 279 3917 17.
332 3860 388 3917 Ps:
412 3858 506 3918 CXII.
533 3860 620 3935 Quod
643 3863 694 3937 qui
706 3859 769 3917 fidit
787 3858 929 3929 DemIno,
958 3863 988 3916 et
1007 3856 1084 3916 bene
1105 3856 1187 3927 vivit,

311 3958 484 4034 salvabitur,
504 3977 588 4018 vers:
613 3965 627 4019 1
644 3961 682 4019 ad
699 3966 728 4020 1.
754 3961 783 4018 9.
807 3958 996 4017 nontimebit
1013 3958 1050 4015 ab
1065 3957 1188 4016 infernis

310 4067 460 4138 utcunque
481 4040 645 4138 insurgunt,
664 4079 749 4121 vers:
780 4061 882 4125 810.

173 4163 227 4221 16.
251 4165 278 4222 1.
330 4160 386 4219 Ps:
409 4160 517 4220 CXIII.
547 4160 715 4222 Celebratm
733 4162 866 4233 Domini,
891 4159 971 4237 qued
989 4160 1187 4235 omnipotens,

308 4278 391 4322 vars:
415 4266 429 4320 1
450 4263 488 4321 ad
506 4265 534 4324 5.
563 4263 641 4341 quod
653 4265 769 4323 venerit
780 4265 810 4320 in
823 4260 976 4332 mnndum,
989 4275 1072 4318 vers:
1096 4260 1125 4334 6,
