2528 4808
385 268 483 324 usai.
505 269 587 329 CAP.
609 270 668 336 Lx,
692 280 708 333 6
731 271 865 340 -LXIIL
888 283 915 334 1.
1135 288 1172 341 23

168 431 219 504 qui
237 427 336 487 colent
352 428 514 489 Dominum
528 447 566 489 ex
580 430 658 490 bono
674 438 797 505 611616,
817 450 901 492 vers:
924 436 952 493 6.
972 438 999 494 7.
1040 437 1096 495 11.

116 528 199 604 quod
221 532 373 588 accessuri
391 532 441 605 qui
463 532 494 587 in
511 530 618 588 umbra
638 534 715 606 veri,
745 549 830 592 vers:
853 535 882 592 8.
928 533 1009 610 quoti

115 628 200 705 apud
216 627 283 687 illos
302 647 375 689 vera
392 629 548 688 Ecclesiae
569 638 598 689 et
615 632 768 706 Ecclesia,
787 650 872 692 vers:
896 636 925 693 9.
949 637 1003 694 10.
1039 630 1042 635 ’

169 728 247 804 quod
273 731 407 789 accessio
433 733 573 790 continua
597 735 652 790 erit
677 732 714 791 ob
738 733 882 802 salutem,
913 751 999 795 vers:
1039 739 1092 797 ll.

118 831 251 887 11.·12.

166 928 245 1005 quod
269 929 440 1006 spirituales
466 931 596 990 morales
628 935 795 1007 accessuri,
827 951 913 994 vers:
946 937 1000 995 13.
1040 939 1093 996 11.

112 1030 204 1086 etiam
224 1031 274 1106 qui
299 1033 383 1107 prius
401 1031 563 1089 Dominum
588 1049 647 1089 non
665 1041 884 1107 cognoverunt,
918 1051 1003 1095 vers:

116 1132 179 1203 14,
214 1132 266 1205 qui
290 1130 405 1190 discent
423 1149 441 1188 6
458 1132 586 1190 Domino
606 1149 678 1194 vera
702 1134 885 1208 spiritualia,
918 1151 1007 1195 vers:

115 1231 170 1288 15.
195 1233 249 1289 16.

164 1331 245 1405 quod
257 1331 317 1389 illis
332 1333 468 1391 naturale
482 1331 650 1409 spirituale,
664 1349 749 1392 vers:
773 1337 816 1391 17
820 1381 826 1393 .
858 1351 917 1392 nori
933 1353 997 1394 am·
1038 1339 1091 1395 11.
1113 1341 1166 1395 17.

109 1428 193 1505 plius
210 1434 365 1507 perversio
384 1436 448 1491 1611
467 1441 496 1492 61
513 1433 600 1507 boni,
620 1450 707 1492 vers:
733 1436 785 1507 18,

162 1546 221 1588 non
241 1549 324 1590 amor
341 1533 412 1590 mali
432 1541 462 1591 et
479 1535 563 1603 salsi,
582 1533 636 1592 sed
654 1551 737 1592 amor
754 1533 891 1609 Domini,
912 1551 996 1594 vers:
1039 1537 1091 1593 11.
1111 1539 1166 1594 17.

112 1632 170 1689 19.
203 1639 233 1689 61
250 1632 307 1691 hoc
325 1634 356 1690 in
373 1639 537 1703 aeternum,
555 1652 590 1692 v:
612 1636 667 1692 20.

160 1734 190 1788 in
210 1733 293 1791 coelo
316 1750 382 1792 cum
407 1741 561 1793 crescente
585 1733 795 1811 intelligentia,
828 1751 914 1794 vers:
943 1737 998 1794 21.

110 1835 170 1889 22.
203 1832 279 1891 haec
298 1851 365 1891 cum
382 1837 465 1892 venit
482 1834 644 1902 Dominus,
662 1851 749 1892 vers:
770 1838 826 1894 22.
922 1911 925 1916 1

90 1937 92 1940 ’
162 1931 241 2008 Cap:
265 1933 354 1993 LXI:
390 1934 437 1992 De
457 1933 588 1993 aduentu
606 1933 738 2008 Domini,
765 1935 803 1991 ad
820 1933 999 1993 salvandum
1038 1936 1140 1998 1.11.

107 2032 178 2090 illos
193 2035 244 2108 qui
261 2035 292 2090 in
309 2036 476 2110 ignorantia
494 2037 602 2093 veriet
618 2037 649 2091 in
668 2032 816 2092 desiderio
834 2035 899 2110 ejus
921 2041 1000 2104 sunt,

109 2138 141 2190 et
160 2133 277 2208 quando
299 2134 445 2211 judicium
469 2135 638 2193 iaciendum
658 2139 718 2209 est,
748 2151 834 2192 vers:
862 2139 891 2195 1.
914 2139 943 2193 2.
967 2136 997 2194 3.

106 2232 190 2308 qnod
220 2239 289 2292 tunc
320 2234 373 2292 illa
394 2235 564 2310 Ecclesiae,
602 2252 679 2312 quae
705 2236 876 2310 perierunt,
907 2236 998 2294 resti-

105 2333 220 2392 tuenda
237 2335 304 2408 sint,
324 2352 411 2394 vers:
434 2338 464 2394 4.

159 2434 315 2493 Ecclesiae
335 2442 473 2511 externa,
501 2453 586 2495 vers:
619 2437 647 2493 5.
688 2433 843 2494 Ecclesiae
867 2436 993 2504 interna,
1032 2436 1086 2491 ll.
1146 2480 1148 2484 ,

107 2550 194 2593 vers:
217 2537 247 2592 6.
283 2535 352 2610 plus
371 2554 460 2611 quam
478 2552 606 2611 usquam
624 2537 717 2609 priuS,
736 2549 821 2590 vers:
845 2537 874 2590 7.

158 2634 239 2710 quod
257 2652 312 2710 per
328 2636 447 2693 illorum
465 2652 539 2693 1616
558 2641 587 2692 61
603 2635 683 2692 bona
700 2633 883 2708 conjunctio,
909 2647 995 2694 vers:
1034 2632 1135 2690 11.1.

109 2737 140 2793 8.
181 2741 213 2792 61
230 2736 437 2810 agnoscenda,
464 2752 550 2793 vers:
584 2737 613 2793 9.
657 2733 737 2811 quod
754 2731 826 2790 talia
840 2732 998 2791 Ecclesiae

104 2836 268 2909 exstitura,
289 2852 356 2892 cum
373 2835 521 2894 Dominus
539 2837 630 2909 venit,
649 2851 734 2894 vers:
758 2834 811 2891 10.
834 2835 888 2891 11.
1043 2875 1045 2879 -

156 2932 236 3011 Cap:
256 2935 353 2994 LXII.
386 2935 434 2994 De
457 2935 589 2994 adventu
606 2935 727 2992 Domini
754 2939 784 2992 et
802 2932 839 2992 de
857 2932 995 2992 Ecclesia
1034 2932 1135 2990 1.11.

104 3041 178 3093 tunc
195 3028 308 3110 qualis,
338 3035 419 3111 quod
435 3034 574 3094 Ecclesia
591 3036 738 3094 exstitura
755 3034 794 3091 sit
812 3049 889 3108 quac
909 3035 994 3108 agni-

102 3143 172 3193 1616
184 3135 354 3208 Dominum,
373 3138 403 3193 in
422 3153 482 3211 qua
498 3137 566 3210 ipsa
577 3152 651 3194 vera
669 3133 754 3208 coeli,
775 3138 804 3191 et
823 3132 891 3207 plus
908 3149 997 3207 quam

101 3237 197 3311 prius,
217 3251 302 3293 vers:
327 3236 355 3293 1.
379 3239 409 3293 2.
432 3238 462 3294 3.

154 3335 235 3411 quod
252 3352 314 3417 non
329 3341 363 3392 ut
381 3337 464 3410 prius
482 3352 499 3392 a
518 3335 646 3392 Domino
666 3335 799 3409 separati
818 3336 917 3403 erunt,
938 3329 993 3388 sed
1030 3329 1084 3386 11.
1104 3329 1159 3384 17.

103 3451 173 3493 cum
189 3435 262 3511 Ipso
282 3435 446 3511 conjuncti,
465 3451 551 3492 vers:
573 3437 603 3491 4.
626 3433 655 3490 5.

153 3535 235 3611 quod
251 3534 308 3594 hoc
323 3532 578 3611 evangelizabitur
594 3547 692 3605 usquo
707 3530 777 3586 dnm
788 3527 831 3597 iit,
848 3543 934 3586 vers:
958 3527 987 3584 6.
1028 3527 1083 3582 11.
1104 3525 1158 3582 17.

106 3638 135 3691 7.
173 3634 254 3710 quod
270 3640 342 3693 tunc
360 3652 419 3692 non
439 3639 525 3692 crunt
542 3648 614 3690 1616
628 3628 723 3688 Verbi
735 3627 793 3686 illis
808 3629 860 3704 qui
879 3625 991 3686 66161-

102 3733 233 3807 sificant,
253 3734 308 3793 sed
327 3735 377 3808 qui
394 3735 551 3808 recipiunt,
570 3745 654 3788 vers:
677 3730 706 3786 8.
725 3730 755 3787 9.
872 3776 875 3782 .

152 3833 233 3909 quod
249 3834 442 3909 praeparatio
459 3832 519 3906 fiat,
538 3845 624 3888 norst
654 3830 708 3887 10.
740 3834 770 3887 61
788 3828 985 3902 annuntiatio,
1026 3829 1053 3884 l.

101 3933 181 4008 quod
197 3932 345 4007 Dominus
365 3938 521 4005 venturus,
543 3944 629 3988 vers:
654 3930 708 3987 10.
728 3931 783 3986 11.

88 4096 90 4100 ,
153 4039 183 4091 61
208 4032 291 4109 quod
312 4031 365 4089 illa
389 4031 527 4091 Ecclesia
552 4030 609 4088 erit
635 4027 672 4088 ab
698 4027 787 4106 Ipso,
815 4043 901 4086 vers:
934 4028 990 4084 12.
1030 4025 1084 4082 11.

155 4130 235 4209 Cap:
254 4131 372 4192 LXIII:
403 4132 452 4190 De
483 4130 612 4190 Domino
632 4134 662 4188 61
681 4128 718 4189 de
744 4130 852 4206 pugnis
882 4125 992 4203 ipsius.
1032 4125 1062 4180 1.
1082 4125 1113 4178 7.
