2528 4808
298 328 388 382 soni.
410 329 488 386 CAP.
511 331 557 392 Ill,
581 342 596 391 3
620 363 652 373 -
676 331 772 384 Alios
794 332 872 386 CAP.
894 332 915 395 1,
940 342 982 392 1‘2.
1131 346 1165 394 79

157 487 241 563 quod
258 487 336 545 falsa
354 486 426 544 mali
444 496 473 546 et
487 489 567 546 mala
585 487 652 546 salsi
671 465 855 565 dissipatura
873 491 931 546 sint
945 492 991 546 in·
1029 493 1058 549 3.
1083 494 1137 551 15.

71 632 75 644 .
105 589 218 646 fluxum
238 588 285 645 die
299 589 414 664 judicii,
434 605 521 645 vers:
545 591 574 647 3.
597 593 628 646 4.
1108 604 1111 610 ’

155 689 212 747 sed
239 688 317 764 quod
341 688 539 746 salvabuntur
565 691 615 763 qui
646 698 814 765 agnoscunt
842 696 871 748 et
896 690 997 749 colunt
1036 694 1089 751 17.

104 789 266 848 Dominum
273 786 287 862 ζ
306 805 392 847 varst
417 791 446 847 5.

157 907 239 984 Cap:
265 907 318 965 IV.
357 907 437 982 quod
461 913 529 965 tunc
554 907 763 984 congreganda
788 911 826 966 sit
846 909 992 982 Ecclesia,
1033 915 1087 970 ll.

105 1025 193 1068 vers:
219 1012 246 1066 l.

157 1116 188 1168 et
205 1109 286 1185 quod
300 1115 371 1166 tnnc
384 1109 534 1185 judicium
545 1125 639 1184 super
656 1108 740 1179 illos,
768 1111 818 1184 qui
838 1109 993 1184 disperse·
1035 1115 1087 1173 15.

103 1215 174 1268 runt
190 1211 270 1268 bona
288 1216 318 1268 et
330 1227 405 1267 vera
421 1208 587 1282 Ecclesiae,
608 1225 695 1267 νοτες
717 1212 747 1267 2.
767 1211 796 1267 3.

156 1327 250 1386 super
272 1310 340 1368 illos
360 1311 458 1386 quiin
478 1309 550 1367 solis
569 1309 786 1386 cognitionibus
815 1317 845 1369 et
869 1313 898 1368 in
927 1312 993 1370 sola
1032 1315 1086 1371 15.

103 1410 174 1485 fide,
195 1418 225 1470 ct
242 1410 342 1486 perid
360 1426 433 1468 vera
447 1408 541 1469 Verbi
559 1418 589 1468 et
607 1411 758 1470 doetrinae
778 1410 998 1487 destruxerunt,

102 1527 189 1570 vers:
208 1510 320 1569 rada.

155 1631 260 1688 pugna
272 1611 342 1669 boni
355 1618 384 1669 et
394 1614 458 1670 veri
473 1618 575 1670 contra
588 1610 667 1668 mala
683 1617 712 1669 et
725 1611 803 1670 salsa
817 1619 897 1683 tunc,
909 1631 993 1673 νοτες
1034 1616 1089 1673 15.

105 1713 180 1770 {lad
199 1717 252 1771 12.

154 1813 237 1888 quod
261 1819 333 1871 tune
358 1812 469 1870 malum
494 1819 730 1871 consummatum
749 1815 802 1887 sit,
836 1831 919 1872 vers:
949 1817 991 1874 13
1033 1818 1062 1874 3.

101 1914 141 1972 ad
162 1915 216 1973 15.

154 2015 235 2090 quod
253 2013 309 2072 lroc
329 2032 347 2071 a
364 2014 506 2087 Domino,
539 2031 626 2088 quem
653 2016 831 2073 etiamtunc
857 2018 989 2090 agnituri
1030 2020 1083 2074 li.

102 2121 187 2187 sunt,
208 2133 244 2174 ex
264 2131 322 2191 qne
338 2120 383 2172 est
400 2115 543 2187 Ecclesia,
563 2131 647 2172 vers:
671 2117 725 2172 16.
751 2117 791 2172 17
799 2161 804 2171 .

153 2234 234 2310 quod
257 2233 504 2293 Dominus'tune
530 2233 596 2291 illos
626 2233 745 2293 docebit
769 2233 920 2307 Verbum,
960 2241 990 2292 et
1029 2238 1082 2294 11.

103 2335 185 2411 quod
221 2335 446 2394 falsificationes
482 2335 576 2392 Verbi
613 2333 864 2408 removebuntur,
910 2351 997 2393 vers:

105 2438 162 2495 18.
189 2437 241 2493 19.

155 2536 236 2612 quod
262 2543 333 2594 tunc
358 2536 496 2595 Ecclesia
520 2536 642 2593 Domini
666 2539 738 2608 erit,
767 2541 798 2593 et
824 2551 862 2592 ex
880 2533 990 2621 Verbo,
1032 2539 1085 2593 11.

102 2653 189 2696 νοτες
222 2639 277 2694 20.
304 2640 360 2693 21.

532 2844 746 2914 Amos.-

157 3003 237 3078 Cap:
258 3002 282 3061 Ι.
302 3003 449 3062 Dominus
464 3002 501 3062 de
515 3002 616 3062 Verbo
630 3010 660 3062 et
673 3003 741 3061 inde
756 3003 898 3072 doctrina,
912 3019 990 3061 νοτες
1030 3007 1059 3062 1.

108 3108 136 3163 1.
159 3108 189 3162 2.

154 3207 191 3262 de
207 3200 265 3259 illis
281 3204 331 3278 qui
345 3210 523 3278 pervertunt
540 3205 723 3280 cognitiones
739 3203 879 3274 eVerbo‚
893 3205 991 3261 inser·
1031 3206 1060 3264 3.

103 3308 221 3364 vientes
236 3303 397 3376 doctrinae,
418 3306 468 3380 qui
481 3305 525 3362 sie
541 3307 630 3363 etiam
643 3305 753 3363 bonum
768 3305 887 3362 illarum
901 3319 989 3360 aver·
1029 3305 1057 3361 3.

102 3410 183 3480 tunt;
212 3403 292 3479 quod
309 3405 435 3479 perituri
448 3407 520 3472 sint,
547 3421 632 3462 vers:
656 3407 673 3462 3
688 3403 727 3461 ad
745 3404 774 3462 5.

154 3506 191 3564 de
213 3504 272 3562 illis
292 3506 343 3579 qui
361 3504 514 3580 applicant
533 3503 666 3562 Verbum
690 3502 729 3559 ad
752 3501 862 3558 falsum
879 3499 989 3558 haere·
1029 3502 1059 3560 3.

103 3607 208 3680 ticum,
238 3603 318 3680 quod
335 3606 461 3679 perituri
479 3607 554 3670 sint,
583 3619 667 3661 νοτες
691 3604 708 3659 6
725 3601 763 3659 ad
781 3603 809 3659 8.

152 3707 189 3765 de
213 3705 273 3764 illis
300 3707 351 3780 qui
369 3707 552 3780 cognitiones
572 3703 642 3761 boni
661 3711 691 3761 ct
719 3703 784 3760 veri
802 3706 988 3777 pervertunt,
1028 3704 1058 3761 3.

104 3813 133 3866 et
158 3825 215 3883 per
241 3804 271 3863 id
296 3821 420 3864 sensum
446 3811 603 3865 externum
626 3803 720 3863 Verbi
738 3802 876 3876 laedunt,
909 3818 994 3862 vers:

106 3909 212 3966 9.10.

154 4008 191 4066 de
209 4007 268 4065 illis
288 4008 339 4082 qui
356 4011 534 4082 pervertunt
553 4022 675 4065 sensum
698 4005 804 4064 literae
823 4002 917 4063 Verbi
933 4021 989 4080 per
1026 4005 1057 4064 3.

101 4107 218 4182 falsum,
238 4125 293 4184 per
311 4107 391 4183 quod
409 4106 543 4166 doctrina
560 4110 648 4183 perit,
669 4122 754 4165 νοτες
779 4108 831 4163 ll.
851 4107 904 4161 12.
1184 4183 1190 4189 .

153 4209 190 4268 de
207 4209 266 4267 illis
288 4209 339 4284 qui
359 4207 518 4266 falsificant
536 4225 609 4267 vera
631 4223 740 4266 sensus
764 4205 870 4264 literae
888 4202 992 4276 Verbi,
1030 4204 1060 4260 3.
1080 4202 1134 4260 15.
