2528 4808
100 320 133 370 71
212 307 347 363 DANIEL
368 309 446 366 CAP.
468 308 517 372 Xl,
541 319 586 372 4ο,
610 339 642 350 -
666 308 797 362 HOSCll:
820 309 898 362 CAP.
919 309 955 374 11,
980 320 1004 369 7.

208 473 238 528 2.
292 469 372 545 quod
395 472 437 528 sic
461 468 535 527 fides
561 487 598 528 ex
623 468 768 527 charitate
795 469 957 545 subjugata
981 473 1035 544 sit,
1070 489 1154 532 vers:

265 571 320 628 40.
345 572 400 627 41.
847 577 850 584 “

181 673 236 728 11.
291 671 371 745 quod
388 688 485 746 usquc
510 673 642 728 mansuri
667 672 718 745 qui
736 670 912 746 simpliciter
931 670 1057 748 credunt
1076 671 1154 731 Ver-

264 770 343 844 bum,
363 788 451 830 vers:
472 775 529 829 41.

204 876 235 929 2.
290 872 369 946 quod
386 889 440 947 per
460 872 615 930 ratiocinia
641 887 677 928 cx
702 872 831 929 naturali
849 871 967 930 homino
992 874 1082 931 ctiam
1102 874 1154 932 dc-

265 977 368 1046 struct,
389 989 474 1030 vers:
496 975 552 1029 42.
573 973 628 1029 43.

204 1076 233 1129 2.
287 1089 353 1130 cum
372 1072 437 1131 finis
459 1076 555 1146 venit,
585 1073 666 1148 quod
684 1072 838 1131 instabunt
864 1072 906 1130 illi
933 1076 984 1148 qui
1002 1073 1155 1131 naturales

266 1174 439 1243 sensuales,
463 1190 549 1232 vers:
576 1175 633 1232 44.
652 1176 708 1232 41.

129 1276 182 1332 11.
208 1277 235 1333 1.
288 1272 367 1349 Cap:
386 1274 457 1333 XII.
485 1264 564 1349 quod
582 1275 661 1331 circa
678 1269 767 1332 finem
784 1276 908 1349 incipiet
925 1269 1004 1332 nova
1017 1275 1155 1333 Ecclesia

266 1376 295 1432 in
315 1391 373 1450 qua
394 1374 508 1432 coletur
522 1373 682 1443 DominuS,
711 1380 740 1432 ct
758 1374 832 1432 fides
852 1375 1007 1432 charitatis
1025 1377 1155 1451 recipie-

265 1481 325 1543 tur,
345 1491 429 1533 vers:
450 1477 481 1535 Ι1.

183 1579 237 1633 11.
292 1574 372 1649 quod
390 1580 459 1632 tunc
478 1575 576 1649 quiin
595 1573 647 1630 illa
665 1572 722 1631 fide
741 1580 824 1647 sunt,
856 1577 886 1630 in
905 1575 1022 1633 coelum
1040 1579 1158 1634 venturi

264 1677 335 1746 sint,
355 1691 413 1731 non
432 1680 531 1732 autem
550 1673 667 1748 reliqui,
687 1691 772 1732 vers:
795 1678 824 1731 2.
849 1676 878 1732 3.

182 1778 235 1833 11.
289 1774 370 1850 quod
386 1774 587 1850 intelligentes
605 1773 690 1848 fient,
709 1791 793 1833 vers:
812 1778 842 1832 4.

196 1861 232 1934 Ὶ3.
287 1875 366 1951 quod
383 1875 458 1934 haec
482 1874 554 1932 fient
579 1875 698 1950 quando
717 1883 954 1933 consummatum
974 1883 1036 1945 est,
1069 1893 1161 1938 versa

268 1977 340 2034 bad
356 1981 385 2034 7.
525 1956 540 1990 ⁰

180 2079 234 2133 11.
289 2077 369 2152 quod
387 2077 463 2134 hacc
481 2075 626 2135 revelatio
645 2094 663 2133 a
680 2076 808 2134 Domino
828 2079 881 2149 sit,
902 2093 987 2136 vers:
1012 2078 1041 2135 8.
1066 2080 1095 2136 9ss

266 2177 345 2252 quod
362 2178 433 2234 mali
450 2193 508 2234 non
523 2176 712 2250 intellecturi,
735 2176 790 2234 scd
803 2176 883 2253 quod
896 2175 975 2247 boni,
994 2194 1078 2236 vers:
1103 2181 1155 2236 10.

178 2280 233 2335 11.
288 2277 324 2335 de
342 2279 425 2335 initio
444 2277 524 2336 illius
542 2277 717 2351 Ecclesiae,
744 2294 827 2336 vers:
852 2280 906 2335 ll.
924 2280 979 2336 12.
1000 2280 1055 2337 13.

466 2445 784 2516 Hoschcas

204 2585 233 2642 3.
288 2580 370 2657 Cap:
391 2582 416 2639 I.
445 2581 524 2656 quod
542 2579 694 2655 Propheta
711 2586 953 2656 repraesentaret
971 2581 1155 2639 falsificatio-

264 2700 333 2741 nem
350 2681 446 2739 Verbi
464 2680 545 2757 apud
562 2658 682 2756 gefrtem
700 2680 873 2755 Judaicam,
893 2683 1016 2761 vorati
1035 2682 1073 2740 ad
1088 2684 1116 2740 3.

154 2785 184 2841 3.
209 2786 237 2840 1.
295 2781 382 2856 Quod
399 2780 537 2840 Ecclesia
553 2780 605 2837 illa
622 2781 779 2857 prophana
798 2781 976 2851 destruetur,
995 2798 1063 2840 cum
1077 2785 1158 2841 venit

264 2882 420 2954 Dominus,
439 2897 524 2939 vers:
547 2882 564 2938 3
582 2879 620 2937 ad
636 2883 664 2939 5.

169 2982 229 3059 [3.]
284 2981 364 3057 quod
381 2998 439 3039 uon
458 2981 522 3038 dari
540 2986 631 3056 queat
648 2984 813 3055 miseratio,
834 2998 917 3041 vers:
942 2984 971 3039 6.
1056 3011 1059 3014 -

179 3086 235 3141 11.
287 3080 341 3140 sed
354 3081 500 3140 Dominus
514 3081 703 3140 miserebitur
716 3083 835 3140 illorum
853 3085 904 3158 qui
923 3099 939 3139 c
953 3099 1034 3141 nova
1051 3083 1153 3159 Ipsius

268 3181 421 3255 Ecclesia,
449 3197 535 3240 vers:
559 3185 587 3239 7.

204 3287 234 3344 3.
286 3280 366 3359 quod
398 3299 464 3340 eum
491 3281 618 3356 amplius
644 3282 716 3340 nihil
740 3283 898 3342 Ecclesiae
924 3283 1076 3342 residuum
1102 3290 1157 3352 est,

266 3401 353 3442 vers:
379 3388 407 3442 7.
425 3385 455 3441 8.
479 3385 509 3440 9.

179 3488 233 3544 11.
288 3486 367 3566 quod
385 3490 455 3543 tuuc
473 3500 553 3541 nova
569 3483 707 3542 Ecclesia
725 3490 855 3559 crescet,
879 3490 912 3542 ct
930 3488 1074 3559 agnoscet
1092 3482 1157 3541 Do-

263 3584 667 3658 nonum,⁴vers:.10.11-
706 3595 733 3638 f
766 3586 771 3594 ’
832 3627 843 3652 ,

128 3691 183 3746 ll.
205 3690 236 3745 2.
291 3683 372 3760 Cap:
396 3683 435 3741 II.
470 3683 648 3741 Exhortatio
677 3690 711 3741 ut
740 3701 758 3741 a
783 3683 1041 3742 falsificationibus
1064 3681 1157 3742 Verbi

267 3784 444 3856 abstineant,
461 3783 540 3858 quod
554 3783 629 3842 alias
643 3801 701 3841 non
716 3786 773 3846 erit
785 3783 931 3858 Ecclesia,
948 3785 1002 3843 sed
1016 3786 1072 3843 erit
1086 3783 1157 3842 abs-

269 3901 326 3959 que
340 3882 427 3940 bonis
446 3889 476 3940 et
493 3883 582 3956 reris,
603 3887 681 3942 sicut
698 3891 796 3958 antea,
816 3901 902 3942 vers:
925 3886 939 3940 1
961 3884 1000 3942 ad
1017 3888 1049 3958 4,

128 3982 183 4038 11.
204 3986 233 4040 2.
286 3981 366 4060 quod
378 3981 451 4040 fient
465 3984 543 4040 sicut
557 3991 646 4042 antea
665 3982 783 4061 quando
802 3991 980 4044 amaverunt
997 3984 1111 4043 malum
1128 3988 1158 4042 et

265 4084 382 4158 falsum,
401 4082 456 4140 sed
470 4081 550 4159 quod
564 4083 725 4153 detinendi,
747 4101 829 4155 vers:
854 4086 881 4143 5.
903 4086 931 4141 6.
953 4090 981 4141 7.

128 4186 181 4243 11.
204 4186 239 4244 2.
292 4183 371 4262 quod
388 4182 513 4242 redituri
531 4183 568 4242 ad
587 4184 686 4244 Deum
708 4201 797 4261 quem
816 4191 887 4243 tunc
906 4183 1073 4258 coluerunt,
1094 4190 1123 4243 et
1141 4201 1159 4241 a
