2528 4808
138 330 298 386 saeuae:
321 332 402 390 car.
423 330 498 391 xm.
518 342 570 392 c-
589 331 663 390 mv,
680 333 847 390 mnenon:
869 336 948 394 cnr.
969 336 1054 406 1-u,
1077 348 1103 400 r,
1146 350 1180 401 οε

118 490 282 564 occidetur,
303 493 523 551 amintentione
543 499 577 550 ut
592 493 802 569 dispergantur
821 497 872 571 qui
890 496 1016 555 credunt

117 593 147 650 in
159 591 281 667 Ipsum,
301 607 387 650 vers:
415 594 445 650 6.
465 597 492 651 7.

170 690 250 768 quod
272 693 324 767 qui
343 692 381 750 ab
402 692 540 750 Ecclesia
557 692 715 752 devastata
731 697 858 770 perituri
875 698 950 770 sint,
973 705 1003 758 et
1042 701 1071 758 3.
1095 704 1150 759 ll.

118 790 198 869 quod
217 793 267 867 qui
292 792 330 849 ab
347 792 486 851 Ecclesia
513 810 592 851 nova
613 793 806 869 purificandi,
833 812 868 854 ac
888 796 1013 857 docendi

116 892 291 965 aDomino,
313 908 398 951 vers:
421 895 451 951 8.
472 895 501 949 9.
1058 926 1061 930 ,

169 991 249 1068 Cap:
268 992 353 1052 XIV.
389 993 436 1051 De
454 994 562 1069 pugnis
580 994 700 1052 Domini
724 1002 828 1054 contra
850 997 960 1071 malos,
981 1006 1011 1058 et
1049 1005 1078 1058 1.
1099 1002 1129 1060 3.

117 1093 156 1152 do
183 1093 370 1168 dispersione
395 1092 527 1166 illorum,
565 1111 650 1153 vers:
680 1095 756 1153 iad
774 1099 802 1155 5.
838 1097 918 1173 quod
942 1104 1014 1157 tunc

116 1193 233 1251 nullum
252 1211 365 1264 verum,
385 1193 440 1252 sed
453 1193 533 1270 quod
550 1196 580 1251 in
592 1195 719 1252 Domino
734 1197 878 1254 Divinum
889 1196 1011 1271 Verum,

114 1310 200 1353 vers:
223 1295 253 1351 6.
273 1299 302 1351 7.
870 1365 872 1371 Ι

166 1394 247 1469 quod
271 1401 342 1453 tnnc
367 1394 511 1453 Divinum
532 1394 647 1453 Verum
668 1413 687 1454 a
705 1396 834 1457 Domino
853 1398 1006 1474 procedet,
1046 1404 1100 1459 12.

113 1511 200 1556 vers:
224 1495 254 1552 8.
274 1495 303 1551 9.

166 1595 247 1678 quod
262 1611 365 1655 verum
379 1597 409 1652 in
423 1612 502 1654 nova
515 1595 654 1654 Ecclesia
668 1597 928 1673 multiplicabitur,
948 1617 1004 1658 nec
1045 1604 1099 1659 12.

110 1694 154 1754 ibi
172 1695 280 1754 salsum
299 1695 379 1768 mali,
399 1712 485 1758 vers:
510 1698 561 1754 10.
582 1698 636 1754 11.

164 1795 245 1878 quod
262 1798 314 1878 qui
331 1803 435 1855 contra
453 1813 527 1858 vera
539 1796 592 1854 illa
604 1804 729 1873 pugnat,
748 1801 780 1855 in
795 1802 889 1856 omnis
907 1817 1003 1876 gene·
1043 1802 1073 1861 3.

110 1899 153 1955 ris
172 1896 250 1955 salsa
267 1912 301 1955 se
320 1896 416 1970 dabit,
445 1913 530 1956 vers:
560 1900 614 1955 12.
650 1897 730 1980 quod
753 1904 824 1957 tunc
843 1900 1007 1959 destructio

110 1996 279 2069 Ecclesiae,
301 2013 384 2055 vers:
408 1999 451 2057 13
468 1997 506 2054 ad
524 1998 577 2056 15.

163 2096 244 2179 quod
272 2108 342 2155 tunc
367 2099 520 2156 accessuri
546 2097 584 2155 ad
610 2097 724 2156 cultum
748 2097 883 2168 Domini,
911 2101 1000 2157 etiam
1040 2103 1094 2158 ll.

112 2197 293 2274 agentibus
324 2200 376 2278 qui
407 2199 521 2256 externi
548 2199 701 2256 naturales
732 2205 817 2270 sunt,
845 2216 930 2259 vers:
963 2203 1005 2259 16

110 2297 150 2355 ad
173 2299 227 2355 19,

162 2397 243 2480 quod
261 2405 332 2457 tunc
350 2399 548 2477 intelligentia
563 2402 619 2459 crit
633 2417 671 2458 ex
683 2399 762 2459 bono
779 2399 943 2471 charitatis,
963 2418 1000 2459 ox
1039 2406 1093 2460 ll.

110 2516 170 2582 qno
190 2499 309 2568 cultus,
329 2516 414 2560 vers:
436 2502 490 2558 20.
512 2503 567 2558 21.

467 2666 810 2740 Malachiae

160 2802 240 2878 Cap:
265 2801 288 2859 Ι.
337 2799 426 2876 Quod
456 2800 602 2860 Dominus
629 2805 792 2863 instituerit
826 2802 995 2863 Ecclesiam
1036 2807 1088 2863 ll.

109 2903 189 2979 apud
207 2901 276 2960 illos
296 2901 347 2982 qui
363 2900 420 2978 [in]
443 2907 565 2960 externo
580 2919 651 2961 vero
669 2910 832 2979 potuerunt
852 2920 929 2977 esse,
949 2907 1002 2986 qui

107 3021 164 3062 non
182 3006 213 3060 in
232 3008 355 3060 externo
373 3001 467 3076 bono,
487 3017 572 3063 vers:
596 3005 624 3060 1.
646 3006 676 3061 2.

159 3102 240 3187 quod
260 3117 346 3161 omne
372 3109 527 3161 externum
545 3101 655 3161 bonum
674 3104 863 3180 deperditum
881 3106 938 3176 sit,
968 3111 998 3164 et
1035 3108 1065 3165 3.

108 3204 178 3263 inde
196 3218 317 3286 quoque
337 3208 492 3262 externum
510 3218 624 3276 verum,
645 3220 727 3265 vers:
751 3206 781 3263 3.
797 3208 828 3263 4.

158 3301 240 3388 quod
264 3304 385 3369 ,tametsi
398 3301 440 3359 ibi
464 3301 610 3379 Ecclesia,
631 3322 726 3386 usque
751 3323 810 3364 non
836 3309 1000 3380 agnoscant
1037 3305 1067 3363 3.
1084 3307 1115 3362 4.

106 3405 277 3472 Dominum,
296 3420 382 3462 vers:
406 3404 434 3460 5.
453 3404 482 3461 6.

158 3504 242 3588 quod
259 3502 357 3562 colant
374 3502 535 3561 Dominum
561 3520 599 3560 ex
618 3501 696 3560 malo
720 3509 750 3560 et
770 3518 830 3559 non
848 3518 886 3560 ex
907 3500 996 3574 bono,
1034 3505 1065 3560 4.
1085 3503 1115 3560 3.

91 3621 190 3677 7νοτες
214 3611 243 3663 7.
262 3606 292 3663 8.
326 3602 408 3686 quod
426 3602 612 3664 ideocultus
630 3600 749 3661 illorum
773 3619 832 3660 non
854 3606 997 3677 accepte·

105 3711 166 3781 tur,
186 3721 275 3767 vers:
299 3704 402 3762 9.10.

156 3805 237 3890 quod
253 3804 298 3864 illi
315 3805 368 3886 qul
385 3810 472 3864 extra
490 3803 673 3878 Ecclosiain,
698 3804 798 3863 colant
820 3803 990 3874 Dominum,
1030 3805 1084 3861 11.
1106 3805 1138 3861 4.

104 3903 183 3968 versa
202 3910 256 3966 11.
277 3911 308 3964 at
321 3903 402 3988 quod
418 3903 463 3964 llll
475 3907 527 3988 qui
537 3907 618 3963 intra
629 3904 797 3964 Ecclesiam
806 3904 998 3981 prophanent

104 4007 231 4076 cultum,
258 4011 288 4066 et
307 4022 365 4065 non
385 4004 484 4066 colant
499 4006 674 4080 Dominum,
695 4011 783 4072 vers:
814 4003 900 4064 12ad
922 4006 977 4062 14.
1028 4006 1060 4062 4.

155 4107 235 4184 cap:
254 4106 294 4166 II.
323 4105 413 4182 Quod
431 4108 489 4165 nisi
506 4105 605 4165 colant
619 4105 790 4177 Dominum,
814 4106 908 4163 omnis
924 4103 990 4163 cul-
1030 4105 1062 4162 4.

103 4212 151 4266 tus
181 4210 237 4267 erit
266 4222 429 4283 perversus
462 4211 492 4265 et
516 4204 709 4282 prophanus,
748 4221 835 4268 vers:
876 4202 949 4262 lad
964 4206 995 4262 4.
