2528 4808
136 342 173 394 ss
340 331 505 391 llALACll:
526 333 607 390 CAP.
629 331 664 395 11,
686 342 703 393 5
726 331 808 395 --111,
831 341 878 392 23.
908 332 970 384 PS:

303 491 391 566 Quod
405 491 507 548 datum
521 492 560 548 sit
573 506 629 566 per
638 490 781 561 Verbum,
797 500 830 547 ut
842 491 1086 567 conjunctionem
1104 492 1197 552 habe·

304 602 370 649 rent
389 609 457 648 cum
474 590 611 661 Domino,
627 593 680 671 qui
696 590 737 648 ibi
756 600 803 648 est
821 590 906 664 Levi,
925 606 1011 649 vers:
1044 594 1062 650 5
1079 593 1119 651 ad
1141 598 1170 650 i.

242 697 274 750 4.
327 691 408 772 qnod
425 691 607 748 recesserint
619 708 638 746 a
650 690 767 762 Verbo,
787 696 817 748 et
835 707 890 766 per
908 689 939 749 id
956 690 1107 751 solverint
1124 710 1196 752 con-

299 792 493 868 junctionem,
513 807 599 847 νοτες
621 792 640 847 8
655 790 763 847 adli).

192 897 222 953 3.
244 895 275 950 4.
328 891 409 974 qnod
437 888 584 947 coluerint
614 890 706 948 alium
731 890 848 958 Deum,
880 889 959 948 unde
988 891 1195 967 prophanatio,

305 1008 388 1050 νοτες
411 993 467 1047 11.
494 1007 588 1072 quare
606 991 755 1066 peribunt,
777 1007 862 1050 vers:
886 992 939 1047 12.

243 1095 272 1152 3.
323 1090 405 1175 qnod
422 1090 521 1148 cultus
539 1107 643 1148 eorum
661 1098 819 1151 externus.
843 1090 911 1148 ideo
929 1107 988 1147 uon
1007 1098 1194 1166 acceptetur,

305 1209 388 1252 vers:
413 1192 467 1248 13.

243 1297 273 1353 3.
326 1290 408 1374 qnod
425 1307 460 1349 se
480 1291 518 1348 ab
532 1291 670 1348 Ecclesia
687 1292 887 1366 sejunxerint,
914 1307 1001 1348 vers:
1033 1293 1078 1349 14
1090 1291 1130 1349 ad
1143 1294 1195 1350 16.

305 1396 395 1453 etiam
413 1409 468 1467 per
484 1391 515 1448 id
527 1389 608 1472 quod
622 1391 732 1448 malum
750 1391 850 1450 dicant
863 1390 983 1464 bonum,
1006 1407 1094 1449 vers:
1117 1395 1171 1450 li.

221 1498 273 1553 ll.
326 1492 406 1567 Cap:
431 1491 486 1549 ΠΙ.
513 1490 601 1566 Quod
617 1490 765 1549 Dominus
782 1498 929 1549 venturus
946 1493 976 1548 in
994 1491 1148 1566 mundum,
1168 1499 1199 1550 et

305 1591 386 1674 quod
400 1592 541 1648 docturus
555 1591 690 1649 Verbum
707 1594 738 1648 in
751 1608 808 1649 sua
824 1593 965 1667 puritate,
981 1607 1070 1649 vers:
1092 1595 1123 1650 2.
1140 1594 1170 1652 3.

175 1737 178 1743 .
220 1697 274 1751 11.
329 1690 409 1767 qnod
428 1697 498 1748 tunc
516 1691 668 1765 Ecclesia,
697 1691 832 1750 doctrina
850 1698 881 1749 et
898 1690 997 1750 cultus
1013 1699 1102 1750 erunt
1120 1710 1197 1776 qua-

306 1793 351 1850 les
370 1791 490 1849 luenmt
504 1793 648 1872 antiquis,
668 1808 753 1851 vers:
773 1795 805 1849 4.

219 1896 271 1951 15.
324 1893 405 1974 quod
428 1891 575 1950 Dominus
599 1899 669 1949 tunc
687 1891 834 1968 judicium
859 1892 949 1949 saciet
974 1908 1068 1968 super
1093 1910 1197 1953 omnes

304 1996 356 2075 qni
376 1992 623 2050 adulteraverunt
649 2002 679 2050 et
701 1993 914 2051 destruxerunt
936 2009 1011 2051 vera
1027 1994 1197 2068 Ecclesiae,

303 2109 388 2153 vers:
417 2095 444 2150 5.
468 2096 497 2150 6.

241 2199 271 2251 2.
322 2193 403 2274 quod
427 2192 483 2250 hoc
509 2193 636 2271 iecerint·
650 2192 688 2249 ab
713 2194 810 2264 initio,
843 2209 898 2250 nec
918 2193 1068 2251 desistant
1091 2195 1131 2252 ab
1152 2211 1197 2266 eo,

306 2309 390 2353 vers:
415 2298 443 2361 i,

191 2397 220 2454 3.
243 2397 273 2452 2.
329 2401 359 2452 et
376 2409 435 2451 non
453 2393 490 2451 ab
509 2393 744 2463 adulteratione,
772 2391 851 2453 unde
869 2391 928 2451 illis
941 2395 1092 2462 interitus,
1111 2410 1196 2452 vers:

307 2497 337 2553 8.
359 2496 388 2553 s.

241 2601 270 2653 2.
325 2597 352 2652 si
366 2597 512 2655 vixissent
530 2595 694 2651 secundum
713 2600 835 2666 statuta,
851 2593 933 2674 quod
950 2597 980 2650 in
994 2593 1074 2652 bono
1087 2594 1197 2654 Eccle-

304 2696 368 2752 siae
386 2695 531 2762 iuissent,
549 2710 633 2751 νοτες
657 2696 712 2751 10.
734 2696 788 2750 11.
807 2696 862 2751 12.

242 2799 273 2852 2.
326 2793 407 2874 quod
425 2793 665 2853 confirmaverint
682 2809 716 2850 se
733 2796 764 2850 in
782 2809 827 2865 eo,
848 2792 928 2868 quod
940 2793 1053 2851 bonnm
1071 2812 1132 2853 non
1144 2795 1198 2871 ju-

304 2900 365 2963 vet,
380 2908 435 2950 nec
449 2893 561 2950 malum
578 2901 694 2966 noceat,
713 2895 785 2975 quia
802 2893 872 2951 boni
886 2900 916 2952 et
928 2893 1000 2951 mali
1013 2895 1103 2953 simili
1118 2912 1195 2971 gau-

308 2992 392 3065 dent.
413 3009 500 3051 vers:
525 2995 578 3051 13.
596 2994 634 3051 sd
650 2995 702 3052 15.

167 3098 219 3152 ll.
240 3096 268 3150 1.
323 3091 411 3150 aliter
427 3095 479 3175 qui
496 3093 590 3151 fidunt
606 3093 750 3163 Domino,
776 3109 865 3153 νοτες
899 3096 953 3152 16.

243 3196 271 3251 l.
326 3192 406 3270 quod
422 3195 504 3253 beati
522 3212 540 3251 a
557 3193 685 3252 Domino
701 3184 788 3252 erunt
803 3210 870 3253 eum
886 3196 976 3263 venit,
994 3212 1083 3255 vers:
1107 3200 1161 3254 17.

166 3299 195 3355 3.
214 3298 268 3353 ll.
304 3301 393 3352 -tuno
407 3295 566 3353 discrimen
579 3295 738 3369 videbitur,
760 3311 846 3353 νοτες
872 3297 925 3353 18.
953 3300 984 3353 et
997 3294 1195 3355 salvabuntur

267 3443 273 3454 .
326 3396 411 3470 boni,
432 3414 518 3454 vers:
540 3399 596 3454 20.

242 3500 270 3556 ”.
324 3503 354 3554 et
371 3504 441 3556 tnnc
455 3496 524 3555 mali
542 3499 573 3555 in
590 3496 737 3555 infernum
755 3495 959 3572 conjicientur,
980 3511 1066 3555 νοτες
1088 3501 1144 3555 21.

214 3644 219 3654 .
266 3641 272 3655 .
324 3605 449 3672 propter
466 3598 547 3680 quod
564 3596 700 3655 Verbum
718 3595 959 3666 annihilaverint,
977 3613 1066 3655 νοτες
1087 3600 1144 3655 22.

264 3742 269 3753 .
322 3697 402 3776 quod
426 3706 495 3755 ante
519 3698 679 3755 Dominum
704 3698 838 3754 mittetur
862 3695 1020 3755 Johannes
1045 3697 1190 3773 Baptista,

300 3813 338 3852 ne
356 3801 425 3855 tunc
443 3799 524 3855 natio
541 3797 595 3854 illa
610 3802 724 3872 pereat,
744 3812 832 3859 vers:
855 3797 911 3855 23.

421 3959 615 4032 Psalmi
652 3938 894 4034 Daridis.

237 4095 396 4158 Sciendum
425 4104 485 4168 est,
525 4100 597 4180 qnia
620 4116 676 4174 per
699 4097 850 4159 Davidem
878 4095 1057 4171 intelligitur
1087 4094 1192 4157 Domi-

133 4217 204 4275 uns,
231 4199 299 4258 ideo
319 4198 370 4258 nbi
389 4198 489 4260 David
509 4200 539 4256 in
557 4198 685 4257 Psalmis
707 4199 855 4276 loquitur,
891 4197 934 4255 ibi
955 4199 987 4255 in
1012 4213 1107 4257 sensu
1126 4197 1190 4272 spi·
