2528 4808
99 361 135 414 46
299 348 430 404 dERElll:
452 348 532 406 cAP.
553 346 648 413 XLVI,
671 356 686 407 1
710 344 868 410 -xtvni,
890 352 937 406 ii.

264 511 425 572 scientifica
441 527 499 568 non
517 510 644 586 amplius
668 508 805 582 valeant,
834 509 905 583 quia
922 506 1083 583 deperdita
1100 524 1147 584 per

263 614 432 681 ratiocinia,
456 627 541 671 vers:
564 614 578 668 1
594 610 633 668 ad
646 612 675 668 6.

203 718 233 776 3.
286 713 364 790 quod
377 714 472 770 lastus
483 711 600 770 illorum
614 711 804 786 deprimetur,
824 718 855 768 et
868 709 940 768 fient
955 709 1043 784 salsa,
1064 726 1148 770 vers:

267 813 410 873 7111110.

204 920 233 977 3.
287 915 366 993 quod
387 932 446 973 non
468 921 593 991 possent
617 915 731 987 sanari,
765 914 835 988 quia
856 911 995 972 Ecclesia
1021 930 1079 988 per
1102 911 1151 970 illa

265 1016 420 1094 deperdita
437 1018 490 1091 sit,
510 1032 594 1076 vers:
618 1018 671 1072 11.
692 1017 745 1073 12.
840 1021 844 1027 ”
929 1066 932 1073 ,

205 1116 235 1179 3.
289 1118 368 1194 quod
385 1117 520 1176 naturale
538 1123 633 1175 totum
650 1122 772 1192 pereat,
789 1132 844 1174 nec
863 1116 1024 1192 quicquam
1040 1115 1084 1174 ibi
1096 1116 1150 1174 nisi

266 1219 373 1278 salsum
393 1219 558 1291 etrnaluru,
578 1233 662 1276 vers:
685 1218 727 1275 13
743 1215 781 1274 ad
799 1218 851 1274 19.

130 1325 159 1382 3.
179 1325 232 1380 11.
284 1320 363 1397 quod
386 1322 479 1378 omnis
503 1318 628 1378 eruditio
655 1318 720 1395 ejus
738 1316 914 1375 confirmans
933 1315 1012 1374 falsa
1028 1316 1148 1393 peribit,

264 1438 348 1481 vers:
383 1419 564 1479 20111124.
604 1418 699 1477 simile
727 1416 778 1477 fiet
802 1417 868 1477 aliis
896 1419 948 1495 qui
978 1417 1148 1477 scientibcis

267 1520 372 1595 lident,
398 1536 484 1578 vers:
506 1521 561 1578 25.
583 1521 638 1578 26.

180 1627 232 1681 11.
286 1621 372 1681 aliter
388 1620 447 1678 illis
466 1621 563 1697 quiin
581 1622 754 1696 captivitate
774 1620 922 1696 spirituali
940 1625 1025 1695 sunt,
1045 1638 1065 1679 a
1083 1623 1148 1698 qui-

267 1722 323 1780 bus
343 1724 398 1780 erit
414 1721 559 1795 Ecclesia,
579 1738 663 1779 vers:
685 1725 740 1779 27.
758 1723 812 1780 28.

204 1828 233 1885 3.
288 1822 364 1898 Gap:
384 1822 509 1881 XLVII.
537 1823 616 1898 quod
630 1838 731 1881 ornnes
745 1825 839 1900 quiin
853 1822 918 1881 sola
935 1821 993 1882 lide
1012 1826 1056 1883 sic
1072 1823 1150 1884 dicta

180 1930 233 1987 15.
261 1924 420 1984 illabantur
436 1927 466 1983 iu
483 1941 565 1982 ruera
582 1923 667 1998 salsa,
686 1940 781 2000 usque
799 1931 833 1982 ut
849 1924 908 1982 illis
926 1940 986 1983 nou
1001 1926 1147 2002 cognitio·

264 2043 319 2086 nes
337 2029 401 2087 veri
419 2032 449 2085 et
470 2025 554 2084 boui:
583 2031 612 2084 et
630 2011 709 2101 quod
733 2025 779 2084 dic
799 2025 905 2102 Judicii
930 2027 1057 2101 perituri
1082 2029 1147 2102 sint,

265 2144 349 2186 vers:
380 2127 449 2185 lad
466 2133 495 2185 i.

207 2232 237 2289 3.
290 2226 368 2303 Gap:
387 2227 529 2286 XLVIII.
557 2228 594 2285 de
611 2227 670 2285 illis
695 2230 746 2303 qui
768 2227 938 2286 adulterant
959 2226 1042 2287 bona
1056 2227 1146 2288 Verbi

263 2334 293 2389 et
311 2327 479 2401 Ecclesiae,
506 2328 556 2403 qui
579 2327 714 2386 Morbus.
757 2329 887 2386 Exitium
913 2331 1046 2389 omnium
1066 2327 1143 2405 apud

262 2431 344 2505 illos,
365 2423 601 2507 qui'tdulterant
617 2428 695 2486 bona
708 2428 863 2487 Ecclesiae
884 2440 915 2489 et
931 2430 1029 2490 Verbi
1035 2476 1044 2507 ,
1060 2445 1140 2490 vers:

270 2532 342 2591 lad
358 2534 386 2607 53

79 2672 85 2686 ›
203 2639 233 2694 3.
287 2633 365 2710 quod
387 2651 442 2709 per
465 2633 496 2691 111
520 2635 617 2692 omnia
640 2650 712 2691 vera
737 2631 892 2708 deperdita
910 2634 986 2708 sint,
1020 2634 1144 2693 vers:6

268 2733 306 2793 ad
327 2737 356 2792 9.

204 2837 234 2894 3.
289 2833 368 2909 quod
390 2833 440 2891 diu
457 2850 516 2894 non
533 2833 722 2892 devastatum
740 2837 792 2910 sit,
824 2841 854 2893 et
876 2834 943 2893 ideo
962 2834 1075 2893 malum
1092 2850 1149 2912 pe·

259 2936 326 3011 jus,
355 2950 441 2992 vers:
473 2935 526 2991 10.
555 2937 607 2991 11.
643 2934 729 3010 ¹quod
746 2940 846 2995 tamen
863 2938 987 3011 perituri
1005 2939 1065 2995 sint
1083 2952 1149 2996 cum

266 3052 367 3095 eorum
385 3034 481 3108 salsis,
507 3051 591 3094 vers:
616 3038 656 3092 12
673 3034 712 3093 ad
728 3037 783 3094 16.

203 3137 232 3196 3.
284 3136 364 3212 quod
381 3134 461 3212 apud
476 3134 543 3194 illos
562 3135 727 3195 devastatio
742 3140 871 3196 omnium
891 3141 956 3197 veri
973 3141 1038 3214 erit,
1058 3155 1149 3199 vers:

271 3241 311 3296 11
330 3237 368 3295 ad
381 3238 436 3295 26.
700 3231 702 3234 ⁴

205 3343 234 3400 3.
287 3339 365 3416 quod
380 3343 481 3397 contra
492 3337 659 3398 Ecclesiam
674 3339 740 3414 sint,
761 3340 831 3415 quia
845 3346 948 3399 contra
960 3357 1043 3415 vera,
1063 3356 1149 3401 vers:

228 3490 238 3496 ,
270 3445 325 3501 27.
347 3442 402 3500 28.

310 3544 406 3601 fastus
421 3543 494 3619 ejus,
514 3559 601 3602 vers:
623 3544 679 3601 29.

314 3643 397 3701 dolor
414 3650 536 3720 propter
553 3643 619 3719 illa,
639 3661 722 3703 vers:
743 3647 787 3704 30
802 3645 840 3704 ad
856 3647 910 3704 34.

205 3747 234 3804 3.
285 3745 355 3819 quia
372 3743 444 3801 nibil
461 3746 517 3801 nisi
534 3745 661 3814 malum,
684 3763 769 3804 vers:
795 3746 891 3805 35ad
909 3748 965 3806 38.
1001 3751 1151 3825 quianon

264 3842 385 3919 aliquod
400 3842 510 3901 bonum
532 3851 562 3902 et
580 3863 684 3904 verum
701 3846 794 3905 Verbi
811 3847 954 3923 amplius,
987 3867 1075 3910 vers:
1103 3853 1147 3911 39

270 3943 307 4002 ad
326 3946 382 4001 42.

205 4048 235 4107 3.
288 4043 365 4122 quod
383 4060 468 4104 omne
485 4044 632 4122 reIIquum
656 4050 719 4108 veri
737 4056 766 4108 et
783 4049 869 4124 boni,
897 4050 976 4125 quod
993 4053 1147 4130 intactum,

265 4145 448 4206 adulteretur
465 4147 560 4222 simul,
584 4165 669 4208 vers:
691 4151 734 4208 43
751 4151 859 4208 111146.

181 4253 235 4309 11.
288 4249 413 4326 quinon
429 4247 682 4322 adulteraverunt,
700 4250 949 4325 emendabuntur,
973 4269 1058 4315 vers:
1080 4257 1134 4314 47.
