2528 4808
383 333 518 386 essen:
541 335 561 397 1,
587 334 795 399 1-V111,1o.
891 315 893 319 ’
1083 349 1119 398 oo

61 494 161 554 rituali
180 492 366 570 significatur
382 493 547 566 Dominus,
577 501 610 551 ut
635 495 737 553 multis
763 495 828 553 aliis
853 496 927 555 loeis
953 498 1005 578 qui
1024 497 1119 556 addu-

61 594 155 655 cendi.

109 696 167 753 Ps:
186 693 209 751 Ι.
238 693 326 770 Quod
344 694 431 752 homo
451 696 579 769 quinon
601 694 679 753 male
699 696 774 756 vivit
792 713 848 771 per
867 696 946 754 Ver·
988 702 1041 756 11.

57 797 130 854 bum
147 795 268 853 Domini
285 801 494 870 regeneretur,
514 810 600 852 vers:
624 798 637 853 l
654 795 693 852 ad
707 797 737 853 3.

108 904 141 955 at
159 897 241 980 quod
258 897 311 979 qui
328 895 406 952 ortale
420 897 509 965 vivit,
533 894 580 951 die
597 895 704 971 judieii
721 901 839 970 pereat,
859 912 945 954 vers:
985 900 1014 958 3.
1036 899 1089 957 15.

60 1000 92 1055 4.
112 999 142 1057 5.
171 998 242 1078 quia
258 996 406 1053 Dominus
424 996 507 1056 novit
525 996 676 1070 quemvis,
695 1010 780 1055 vers:
803 996 831 1052 6.

108 1099 167 1156 Ps:
186 1096 226 1156 ΙΙ.
255 1095 343 1170 Quod
360 1094 404 1152 ilii
422 1099 472 1176 qui
492 1084 574 1182 [non]
589 1098 618 1153 in
637 1097 718 1153 veris
735 1103 765 1153 et
781 1094 867 1153 bonis
886 1096 945 1154 Eo·
985 1102 1015 1155 2.

58 1198 172 1258 elesiae
190 1198 303 1269 forent,
328 1203 432 1255 eontra
446 1197 607 1253 Dominum
626 1197 699 1269 sint,
727 1211 811 1256 vers:
835 1199 864 1253 l.
882 1198 912 1253 2.

109 1299 164 1357 sed
182 1303 327 1373 separent
351 1313 385 1355 se
410 1295 538 1368 abillis,
573 1299 645 1377 quia
668 1294 740 1354 nihil
760 1301 828 1353 sunt
848 1313 946 1353 eoram
986 1297 1016 1355 3.

55 1399 202 1468 Domino,
221 1413 309 1455 vers:
336 1399 366 1455 3.
382 1400 413 1454 4.
442 1404 472 1454 ot
489 1397 667 1471 perdentur,
686 1413 770 1455 vers:
793 1397 821 1454 5.

108 1499 191 1576 quod
214 1498 361 1555 Dominus
388 1498 558 1555 Humanum
583 1497 686 1555 induet
710 1503 740 1555 et
763 1496 941 1555 instaurabit
979 1499 1009 1554 1.
1034 1500 1087 1556 ll.

55 1601 236 1671 Eeelesiam‚
259 1614 344 1657 vers:
374 1597 442 1655 tiad
460 1599 489 1654 8:

114 1709 143 1760 et
161 1699 242 1782 quod
259 1699 337 1756 salsa
354 1698 424 1755 mali
443 1698 604 1772 disperget,
626 1713 710 1755 vers:
734 1699 762 1770 9,
985 1699 1015 1771 3,

109 1806 276 1877 agnoscant
298 1800 400 1874 itaque
430 1805 460 1857 et
479 1797 578 1856 colant
601 1798 743 1855 Divinum
768 1797 939 1855 Humanum
978 1799 1114 1857 10.3.1.

55 1903 189 1975 Domini,
209 1917 247 1958 ne
265 1905 405 1975 pereant,
435 1914 520 1957 vers:
543 1900 586 1955 10
604 1897 643 1955 ad
661 1902 714 1980 12.
1000 1897 1063 1956 NB.

107 2003 163 2060 Ps:
182 2000 238 2058 III.
279 1999 325 2057 De
350 2000 479 2057 Domino
504 2015 570 2057 eum
600 1997 655 2055 suit
678 2000 709 2055 in
734 1996 948 2055 tentationibus
988 1999 1089 2055 313.

58 2108 89 2161 et
109 2102 285 2178 subjugavit
301 2101 432 2169 inferna,
452 2106 481 2157 et
499 2105 569 2158 tuno
587 2100 616 2156 in
635 2103 716 2156 statu
733 2096 950 2165 humiIIatonis,

54 2205 85 2260 iu
102 2204 163 2284 ‘quo
182 2203 279 2259 oravit
292 2200 330 2257 ad
347 2201 477 2273 Patrem,
504 2215 590 2257 vers:
616 2202 630 2256 1
648 2198 687 2256 ad
705 2201 734 2257 9.

107 2301 226 2361 Psalm:
245 2301 298 2359 IV.
327 2301 374 2359 De
384 2300 512 2358 Domino
527 2285 594 2358 eum
608 2301 638 2356 iu
652 2299 864 2358 tentationibus
880 2317 945 2356 ma-
986 2300 1015 2356 6.

54 2405 131 2478 gnis,
150 2418 237 2461 vers:
261 2405 274 2459 1
293 2402 331 2459 ad
347 2403 376 2459 3.

110 2511 144 2561 ut
164 2505 289 2560 timeant
302 2503 416 2578 Ipsum,
436 2506 507 2585 quia
520 2501 641 2559 aPatro
659 2500 722 2576 Ipsi
735 2499 840 2568 tutela,
858 2515 943 2557 vers:
985 2503 1014 2556 1.

58 2608 89 2663 4.
117 2604 285 2662 exhortatio
303 2609 336 2660 ut
352 2605 540 2679 resipiscant,
561 2617 646 2663 vers:
670 2603 686 2660 5
705 2602 744 2661 ad
761 2603 790 2658 9.

107 2704 225 2763 Psahn:
247 2703 284 2761 V.
311 2701 412 2761 Oratio
434 2703 555 2761 Domini
568 2701 605 2758 ad
625 2702 747 2761 Patrem
764 2707 797 2759 ut
811 2703 942 2774 assistat,
983 2701 1038 2758 13.
1062 2705 1090 2757 7.

56 2821 142 2864 vers:
166 2809 180 2862 1
200 2803 238 2861 ad
252 2806 284 2860 4.
307 2805 334 2861 8.
355 2805 532 2861 31313.
561 2809 664 2860 eontra
682 2803 786 2875 malos,
807 2801 945 2859 falsarios

58 2912 88 2964 et
105 2905 289 2981 hypocritas,
309 2919 394 2962 vers:
418 2905 433 2962 5
453 2904 491 2961 ad
510 2908 538 2961 7.
564 2906 617 2961 10.
640 2907 693 2960 11.

106 3007 162 3064 Ps:
182 3003 234 3062 VI.
264 3002 366 3062 Oratio
384 3005 504 3062 Domini
522 3003 560 3061 ad
578 3004 699 3062 Patrem
720 3021 787 3061 eum
808 3005 838 3060 in
858 3008 938 3059 statu
977 3003 1030 3059 13.
1057 3002 1085 3058 6.

56 3109 255 3165 tentationum
272 3104 376 3163 ultimo
394 3105 464 3178 suit,
492 3106 544 3186 qui
571 3110 668 3162 status
695 3109 741 3162 est
766 3103 947 3177 desperatio,

55 3223 141 3264 vers:
167 3205 236 3263 lad
253 3207 283 3263 8.
887 3268 890 3274 Ι

106 3313 137 3364 ot
151 3306 232 3382 qnod
243 3304 363 3382 adjutus
377 3307 556 3379 represserit
569 3304 693 3377 inferna,
707 3320 784 3363 vers:
804 3305 821 3359 9
834 3301 872 3358 ad
887 3305 940 3359 11.
981 3302 1011 3358 8.
1066 3350 1072 3360 .

105 3409 162 3466 Ps:
184 3406 254 3465 VII.
288 3404 392 3465 Oratio
415 3405 537 3464 Domini
561 3405 600 3462 ad
623 3405 759 3475 Patrem,
783 3407 817 3458 ut
841 3405 945 3458 eontra
983 3400 1036 3458 13.
1058 3404 1087 3455 7.

53 3508 169 3566 inferna
183 3508 314 3575 assistat,
333 3522 420 3565 vers:
444 3509 457 3563 1
478 3505 559 3564 ad3.
583 3504 653 3562 iad
672 3505 725 3561 10.
746 3504 798 3558 11.
823 3503 874 3558 19.
893 3501 948 3558 18.

56 3610 126 3684 quia
142 3608 215 3684 Ipse
237 3590 362 3678 Justus',
388 3613 417 3665 et
437 3623 495 3664 non
512 3606 576 3682 Ipsi
594 3604 722 3676 malum,
751 3617 835 3660 vers:
866 3602 895 3656 t..
917 3601 945 3659 5.

59 3709 240 3767 9.10.11.

104 3827 142 3869 ne
160 3808 277 3869 interna
289 3808 419 3882 valeant,
439 3823 524 3865 vers:
548 3808 577 3866 6.
605 3806 660 3865 sed
675 3807 839 3877 vincantur,
855 3818 940 3862 vers:
981 3803 1010 3860 8.

60 3911 155 3969 13ad
174 3913 230 3967 11.

103 4012 160 4070 Ps:
181 4008 263 4068 VIII.
292 4007 462 4068 Celebratio
474 4009 572 4066 Patris
591 4025 609 4065 a
626 4007 755 4065 Domino
770 4013 804 4063 ut
820 4010 939 4081 spectet
979 4004 1032 4062 13.
1057 4007 1085 4060 7.

54 4111 253 4170 innocentiam
269 4109 385 4185 Ipsius,
406 4115 436 4167 et
454 4110 577 4167 assistat
594 4113 699 4166 eontra
710 4108 839 4179 iuterna,
860 4120 946 4165 vers:

61 4211 130 4268 lad
146 4214 178 4268 4.
204 4211 258 4267 10.
