2528 4808
357 315 487 370 HOSCH:
510 315 589 370 CAP.
610 314 644 380 ll,
667 327 683 375 8
707 314 788 379 -Vl,
812 325 856 374 10.

80 492 136 551 quo
155 469 337 550 acceperant
354 473 480 548 bonurn,
504 476 674 553 nescientes
694 473 775 549 quod
791 473 848 531 boc
866 473 966 530 1110-

77 577 164 650 mino,
183 591 269 637 vers:
292 576 321 632 8.

129 675 191 734 sed*
203 675 275 752 quia
287 691 384 752 usque
397 674 502 751 Ipsum
519 675 606 752 [non]
627 675 791 749 coluerunt,
807 673 966 732 sodalium
1006 676 1058 730 11.
1077 677 1107 731 2.

77 776 187 850 Deum,
203 776 284 852 quod
293 775 373 834 bona
384 782 415 834 et
427 793 500 834 vera
511 775 718 849 vastabuntur,
732 791 813 834 vers:
833 777 850 833 3
862 774 901 832 ad
913 776 966 832 13.

128 877 210 953 quod
227 875 271 934 illi
282 878 334 952 qui
345 895 361 935 1
374 893 454 936 nova
463 875 601 936 Ecclesia
613 876 706 934 suturi
716 877 783 949 sint,
795 892 850 951 per
864 881 962 933 touta·
1004 879 1017 932 1
1030 879 1057 933 1.

78 981 174 1036 tiones
185 977 364 1052 purificandi
374 978 442 1047 sint,
454 982 483 1034 et
494 977 704 1053 praeparandi,
719 993 798 1034 vers:
811 975 902 1033 14111
914 979 926 1032 1
939 981 966 1033 1.

131 1085 162 1137 11
181 1078 262 1154 quod
280 1095 360 1135 nova
372 1077 510 1136 Ecclesia
529 1078 638 1136 11111111
653 1080 799 1136 exstitere
817 1079 865 1144 sit,
885 1092 962 1151 quae
1003 1078 1056 1133 11.

77 1179 241 1240 Dominum
255 1185 414 1254 agnoscet,
433 1193 518 1236 vers:
541 1179 585 1236 10
601 1177 639 1234 ad
655 1179 709 1236 20.

128 1278 211 1355 quod
232 1285 304 1337 tuuc
327 1278 478 1355 recepturi
502 1280 562 1336 sint
579 1281 678 1336 omnia
700 1277 783 1336 Coeli
804 1283 833 1335 01
850 1275 974 1334 110011-Ι
996 1276 1027 1352 [1
1040 1266 1080 1362 L]

78 1382 149 1453 siae,
171 1396 256 1438 vers:
279 1382 319 1437 21
339 1379 448 1438 11113.

129 1480 213 1555 Gap:
246 1479 301 1538 111.
336 1479 383 1538 De
407 1479 546 1538 Ecclesia
565 1496 644 1538 nova
664 1497 682 1537 a
699 1480 827 1538 Domino
847 1482 963 1536 instan-
1006 1481 1056 1535 11.
1138 1550 1142 1561 1

78 1581 186 1654 reuda,
221 1579 301 1657 quod
318 1580 368 1638 diu
387 1582 496 1639 victuri
518 1580 577 1638 sint
604 1579 719 1655 absque
739 1582 817 1640 voris
837 1587 866 1638 01
883 1580 968 1637 bonis

78 1681 251 1752 Ecclesiae,
275 1682 331 1740 sed
355 1680 434 1757 quod
458 1697 476 1737 a
500 1681 643 1750 Domino,
676 1698 743 1739 cunr
768 1683 862 1754 veuit,
896 1680 967 1738 fient
1006 1682 1059 1736 ll.

77 1781 230 1855 Ecclesia,
252 1788 282 1839 et
294 1780 399 1857 Ipsum
417 1783 546 1856 agnituri
564 1784 631 1854 siut,
651 1799 738 1840 vers:
771 1786 785 1840 1
804 1781 843 1839 ad
860 1784 888 1840 5.

128 1880 213 1957 Cap:
238 1880 290 1939 IV.
327 1881 407 1956 quod
423 1897 483 1939 non
500 1883 558 1939 nisi
576 1899 666 1956 quam
680 1882 790 1940 malum
809 1888 839 1940 ot
857 1883 965 1940 salsuur
1005 1882 1032 1938 3.

79 2000 115 2040 ex
133 1981 290 2041 falsificato
309 1981 412 2040 Verbo
431 1983 518 2039 sitin
535 1981 687 2052 Ecclesia,
706 1999 792 2040 vers:
816 1986 845 2039 1.
862 1985 892 2038 2.
913 1985 943 2040 3.

129 2087 161 2140 et
174 2084 246 2158 quia
259 2081 333 2140 nihil
346 2080 422 2158 legis
437 2087 467 2140 et
485 2081 640 2141 doetrinae
658 2088 807 2158 superest,
828 2082 964 2140 Ecclesia
1003 2085 1032 2141 3.

79 2183 233 2242 destructa
248 2185 296 2254 sit,
314 2199 400 2242 vers:
421 2185 441 2240 4
457 2182 495 2240 ad
512 2184 541 2240 9.
791 2186 795 2196 ’

128 2286 202 2358 quia
224 2281 460 2342 falsificaverunt
482 2282 631 2356 Verbum,
665 2284 745 2359 quod
769 2286 966 2360 nonpossint
1004 2286 1033 2342 3.

78 2383 209 2460 amplius
223 2382 392 2459 intelligere
402 2401 517 2455 verum,
532 2382 586 2443 sed
599 2383 743 2441 videbunt
752 2385 870 2458 salsum,
884 2400 970 2443 vers:

81 2486 124 2543 10
140 2484 179 2542 ad
196 2487 250 2557 12,
935 2528 937 2530 ,
1037 2489 1040 2495 ·

127 2585 208 2643 uude
227 2601 265 2642 111
282 2582 342 2642 illis
361 2583 471 2654 cultus,
490 2601 574 2643 vere:
599 2588 654 2644 13.
998 2573 1058 2670 [3.]

129 2703 228 2743 aunon
245 2685 372 2761 perituri
388 2690 560 2759 propterea,
579 2701 663 2745 vers:
686 2689 740 2743 14.
998 2675 1058 2773 [3]

129 2786 266 2844 similiter
283 2784 328 2842 illi
346 2788 397 2860 qui
414 2787 445 2841 in
462 2784 600 2844 Ecclesia
619 2787 770 2863 spirituali
788 2792 865 2861 sunt,
887 2786 966 2862 quod
1004 2788 1033 2845 3.

78 2887 189 2945 abituri
201 2888 232 2944 in
250 2885 337 2959 salsa,
357 2901 442 2944 vers:
474 2887 516 2943 15
532 2885 571 2944 ad
588 2890 642 2946 13.

129 2986 210 3062 Cap:
232 2986 269 3044 V.
300 2985 379 3061 quod
393 2991 455 3042 tam
468 2985 513 3043 illi
526 2988 577 3061 qui
589 2994 895 3064 repraesentaverunt
904 2988 964 3046 Ec·
1004 2989 1034 3046 3.

78 3087 191 3146 clesiae
211 3086 371 3159 eoelestia,
402 3085 506 3162 [quam
528 3088 591 3164 qui]
616 3088 784 3164 spiritualia
805 3096 834 3147 11
848 3088 968 3146 intelle·
1064 3089 1072 3099 ‘

78 3187 205 3261 ctualia,
224 3186 452 3247 falsificaverint
470 3192 499 3245 11
517 3185 753 3248 adulteraverint
770 3206 843 3247 vera
861 3186 968 3261 Verbi,

78 3305 162 3346 vers:
185 3291 200 3346 l
222 3287 261 3344 ad
277 3289 306 3346 3.

131 3389 211 3464 quod
225 3405 284 3446 non
298 3388 415 3464 possint
428 3391 548 3459 reverti,
563 3404 642 3446 vers:
664 3393 695 3458 4,
710 3377 765 3447 sed
779 3403 880 3446 omnes
894 3403 966 3462 por·
1004 3389 1034 3444 3.

78 3491 162 3564 ituri,
182 3505 267 3547 vers:
291 3489 308 3547 5
325 3488 363 3546 ad
379 3490 408 3546 3.

131 3588 211 3665 quod
229 3605 287 3646 non
305 3587 475 3647 intellectus
495 3591 560 3647 veri
577 3587 636 3646 illis
655 3587 798 3663 amplius,
826 3586 881 3645 sed
899 3585 965 3643 loco
1007 3588 1036 3644 3.

78 3691 142 3748 veri
159 3688 328 3764 intelligant
341 3689 458 3763 11110111,
479 3706 564 3748 vers:
588 3690 631 3745 10
648 3688 686 3744 ad
703 3690 756 3745 14.

129 3789 210 3864 quod
228 3794 327 3847 tamen
344 3806 456 3847 novum
473 3789 629 3847 Ecclesiae
648 3791 720 3864 1111,
740 3803 827 3847 vers:
854 3788 906 3846 15.
1004 3792 1058 3847 ll.

130 3889 208 3965 Cap:
236 3888 289 3947 VI.
330 3887 410 3965 quod
431 3905 511 3946 nova
533 3888 670 3948 Ecclesia
699 3889 895 3947 instauranda
917 3891 963 3959 sit,
1005 3892 1059 3948 11.

79 4008 156 4066 quae
170 3995 347 4064 agnosceret
359 3988 535 4057 Dominum,
553 4005 641 4047 vers:
666 3993 679 4047 1
697 3989 735 4047 ad
752 3992 780 4048 3.

130 4089 209 4165 quod
225 4088 278 4147 illa
294 4088 484 4148 intellectura
501 4090 541 4146 sit
558 4105 675 4162 verum,
702 4106 787 4148 vers:
810 4092 828 4146 4
845 4088 882 4145 ad
898 4090 926 4146 6.
1000 4091 1054 4144 11.
1073 4089 1103 4143 3.

131 4189 382 4267 quiainEcclesia
391 4189 483 4264 priori
493 4205 640 4264 perversa
654 4196 732 4263 sunt,
744 4205 822 4247 vers:
837 4192 853 4245 7
865 4186 902 4244 ad
916 4189 969 4260 10,
