2528 4808
102 333 137 384 9⁸2
353 317 508 373 SACHAR:
530 315 611 372 CAP·
632 317 669 381 X,
691 325 707 375 ‘1
730 313 841 382 -Xfflr
864 324 891 376 5.

128 484 182 539 11.
202 486 232 538 7.
285 480 365 555 quod
383 479 583 556 congregandi
607 481 667 538 sint
684 495 721 536 ex
739 479 819 535 omui
836 476 994 553 religione,
1029 482 1060 535 et
1081 477 1156 553 quod

265 579 399 653 docendi,
420 596 506 638 vers:
530 585 546 638 7
564 579 603 637 ad
620 580 673 636 10.

181 684 236 739 11.
290 678 371 755 quod
388 679 534 738 Dominus
552 678 699 737 tutabitur
719 675 788 736 illos
807 694 826 735 a
844 676 928 735 salsis
952 693 1031 751 quae
1057 694 1095 735 ex
1112 677 1156 734 iu-

264 779 358 853 ierno,
377 796 464 838 vers:
490 783 544 837 ll.
573 781 644 856 quia
662 776 764 837 colunt
780 777 950 846 Dominum,
970 793 1058 835 11181
1082 780 1136 836 12.

206 881 237 939 3.
292 878 372 955 Cap:
392 879 448 938 XI.
476 878 565 954 Quod
579 896 665 936 omne
680 885 836 937 externum
845 877 1157 939 Ecclesiaedevasta-

266 985 329 1038 tum
347 981 396 1053 sit,
416 995 501 1040 vers:
526 984 539 1036 1
560 979 599 1038 ad
615 980 645 1037 3.
674 977 840 1038 cavendum
859 995 896 1036 ne
908 977 951 1035 illi
968 979 1020 1052 qui
1037 979 1069 1034 in
1082 977 1156 1036 bono

269 1079 307 1138 ab
325 1079 383 1137 illis
400 1078 571 1155 perdantur,
590 1095 676 1137 vers:
697 1080 728 1136 4.
748 1080 778 1136 5.

205 1185 235 1240 2.
289 1179 370 1256 quod
387 1179 465 1238 falsa
482 1180 650 1239 Ecclesiam
667 1178 807 1255 perdant,
836 1193 922 1237 vers:
949 1181 977 1236 6.
1007 1177 1159 1253 quodnou

269 1282 329 1338 siut
347 1279 439 1355 aliqui
452 1283 504 1355 qui
520 1279 629 1339 ducant
647 1279 776 1355 amplius
790 1278 950 1355 populum,
969 1295 1056 1337 vers:
1081 1284 1109 1337 1.
1129 1280 1157 1337 8.

204 1384 235 1440 2.
289 1380 344 1439 sed
362 1383 413 1455 qui
432 1381 575 1455 perdant,
595 1396 679 1440 vers:
702 1381 732 1438 9.

205 1482 238 1542 3.
294 1480 375 1556 quod
392 1481 562 1558 conjunctio
579 1480 699 1538 Domini
717 1496 785 1538 cum
802 1479 862 1538 illis
879 1484 970 1555 rupta
991 1481 1046 1553 sit,
1075 1495 1159 1542 vers:

270 1583 324 1638 10.
348 1583 402 1638 11.

155 1683 187 1738 4.
211 1683 240 1739 9.
295 1679 375 1754 quod
400 1664 548 1740 Dominufs
575 1681 713 1757 proditus·
729 1682 768 1737 sit
789 1697 808 1736 a
832 1678 973 1752 Judaeis,
1002 1680 1074 1754 quia
1093 1677 1160 1736 illos

267 1779 385 1854 docuit,
414 1797 500 1840 vers:
525 1785 579 1840 12.
602 1783 656 1841 13.
684 1779 764 1857 quod
778 1781 946 1856 conjunctio
960 1780 1026 1841 veri
1044 1784 1075 1838 et
1092 1778 1162 1837 boni

266 1886 358 1955 rupta
374 1880 428 1957 sit,
446 1898 531 1939 vers:
554 1885 608 1953 14,
775 1956 779 1963 .

104 1980 135 2036 4.
160 1982 196 2038 9.
211 1981 240 2040 3.
294 1981 375 2056 quod
392 1981 504 2041 docens
516 1989 546 2040 et
561 1982 673 2040 ducens
684 1979 813 2059 perdant
822 1982 921 2039 omnia
934 1978 1093 2040 Ecclesiae
1106 1998 1161 2057 per

266 2081 345 2139 salsa
362 2081 446 2157 mali,
468 2098 554 2142 verse
577 2082 620 2141 15
637 2082 675 2140 ad
693 2085 747 2140 11.

187 2183 240 2238 11.
295 2179 369 2256 Cap:
389 2181 460 2240 XII.
482 2181 724 2258 QuodDominus
733 2179 898 2240 Ecclesiam
910 2179 1028 2250 formet,
1039 2184 1161 2264 verszi.

207 2281 237 2340 3.
292 2279 372 2356 quod
397 2298 455 2339 non
481 2281 594 2358 aliquid
612 2281 765 2341 doctrinae
791 2283 856 2341 veri
880 2283 936 2339 erit
958 2282 990 2338 iu
1012 2280 1160 2350 Ecclesia,

267 2387 361 2456 quare
375 2379 490 2457 fugient
507 2382 598 2456 illam,
617 2399 703 2443 vers:
725 2385 757 2441 2.
777 2384 808 2441 3.

130 2481 161 2540 3.
186 2484 239 2540 11.
291 2480 371 2558 quod
385 2498 443 2539 non
462 2482 631 2540 intellectus
648 2484 713 2540 veri
731 2481 874 2560 amplius,
891 2479 980 2539 modo
998 2480 1082 2556 apud
1092 2480 1160 2540 illos

269 2583 362 2657 quiin
380 2581 482 2639 Verbo
500 2588 570 2640 sunt
585 2588 614 2640 et
627 2582 664 2639 ab
682 2582 822 2641 Ecclesia
838 2598 931 2654 nova,
952 2597 1038 2641 vers:
1058 2584 1091 2639 4.

185 2685 239 2739 11.
293 2679 373 2756 quod
400 2687 471 2740 tunc
501 2681 611 2739 bonum
642 2682 795 2740 doctrinae
826 2699 844 2738 a
873 2681 1003 2741 Domino
1034 2680 1158 2756 discent,

268 2795 353 2841 vers:
377 2780 406 2837 5.
429 2779 508 2854 quod
523 2787 592 2839 tunc
604 2780 752 2840 Dominus
764 2798 902 2857 pervers
914 2778 1009 2839 Verbi
1025 2780 1160 2840 destruet

267 2880 368 2936 omnia
386 2878 477 2954 falsa,
504 2897 541 2938 ue
560 2880 694 2939 doctrina
712 2881 794 2939 aliud
812 2880 919 2940 doceat
929 2925 937 2955 ,
965 2896 1049 2940 vers:
1077 2884 1107 2939 6.
1130 2886 1159 2939 7.

182 2982 235 3039 11.
291 2977 371 3053 quod
397 2984 469 3036 tunc
492 2979 630 3039 Ecclesia
661 2983 690 3038 in
720 2981 854 3040 doctrina
881 2980 918 3040 de
941 2979 1072 3039 Domino
1097 2983 1161 3054 erit,

266 3095 353 3137 vers:
376 3079 406 3151 8,

130 3180 160 3239 3.
185 3182 238 3238 11.
290 3178 370 3256 quod
388 3183 459 3236 tunc
478 3178 671 3239 destruentur
689 3197 791 3240 omues
811 3187 864 3239 aut
876 3183 976 3260 omnia
990 3198 1069 3258 quae
1082 3198 1156 3240 cou-

265 3286 313 3339 111
335 3279 419 3338 illam
440 3279 604 3338 doctrinam
618 3287 702 3351 suut,
728 3297 814 3339 vers:
837 3282 866 3338 9.
892 3280 973 3356 quod
995 3287 1068 3341 tunc
1082 3297 1159 3341 nova

268 3380 446 3441 Ecclesiae
459 3380 596 3454 Domino,
616 3397 700 3439 vers:
724 3382 777 3438 10.

207 3484 237 3540 3.
292 3480 372 3558 quod
395 3481 494 3539 omnia
518 3487 548 3538 11
571 3479 689 3556 singula
717 3479 873 3539 Ecclesiae
898 3482 928 3538 in
953 3478 1039 3538 luctu
1056 3478 1156 3555 erunt,

264 3598 351 3641 vcrst
375 3580 543 3638 111114.

131 3682 185 3740 11.
210 3683 239 3739 3.
295 3681 374 3755 Cap:
394 3679 480 3737 XIII.
516 3678 604 3754 Quod
622 3685 693 3738 tuuc
714 3698 770 3757 pre
788 3698 867 3740 nova
882 3679 1022 3739 Ecclesia
1039 3681 1158 3740 Domini

267 3781 324 3837 1111
341 3777 493 3852 Verbum,
526 3796 612 3838 vers:
641 3783 670 3837 1.
703 3779 783 3856 quod
808 3787 838 3840 et
861 3779 939 3839 salsa
958 3779 1110 3839 doctrinae
1130 3785 1158 3837 et

267 3877 366 3936 cultus
384 3893 508 3951 prorsus
523 3878 737 3951 destruentur,
755 3897 841 3939 vers:
863 3885 894 3939 2.
917 3882 948 3939 3.

204 3980 234 4038 3.
290 3975 370 4053 quod
388 3975 520 4034 cessabit
532 3979 757 4055 propheticum,
775 3997 830 4040 uec
844 3983 901 4040 erit
917 3977 1028 4038 salsum
1047 3977 1156 4037 doetri-

265 4093 339 4150 nae,
357 4092 444 4135 vers:
466 4077 497 4132 4.
519 4076 547 4134 5.
732 4144 735 4150 Ι

206 4181 235 4237 9.
289 4176 368 4255 quod
391 4174 538 4235 Dominus
563 4179 601 4237 ab
626 4179 683 4238 illis
714 4180 794 4255 apud
817 4195 892 4256 quos
924 4183 993 4237 tuuc
1022 4177 1158 4237 Ecclesia
