2528 4808
101 354 139 410 11
380 345 515 402 1111111
537 345 614 400 cnr.
635 345 693 410 1,1
718 343 800 410 -rv,
825 353 870 406 12.

207 509 237 566 3.
272 505 352 581 quod
373 512 442 564 tunc
470 505 569 562 omnia
595 502 750 562 Ecclesiae
774 504 1049 578 repraesentativa,
1085 523 1160 582 quae

269 621 393 681 prorsus
412 603 570 662 falsificata
583 609 670 672 sunt,
688 603 893 675 destruentur,
913 619 1001 662 vers:
1023 605 1094 664 lad
1105 611 1134 664 1.

209 709 239 766 3.
292 704 392 764 luctus
409 705 492 773 inde,
520 709 550 762 et
568 703 648 778 quod
665 719 763 778 usque
782 703 820 760 ad
837 702 921 777 illos,
947 706 1042 780 quiin
1058 706 1159 765 coele-

269 808 309 865 sti
324 803 403 864 bono
422 809 538 877 essent,
558 806 757 879 pertingeret,
784 819 868 862 vers:
891 803 1031 863 811112.

207 908 238 967 3.
291 907 474 981 quodetiam
491 903 535 961 illi
551 903 619 962 inde
638 905 804 978 inciperent
820 907 969 978 perverti,
994 922 1080 964 vers:
1113 910 1154 966 13

267 1006 306 1064 ad
327 1007 381 1065 15.
410 1005 490 1083 qood
508 1003 576 1062 inde
595 1021 714 1080 qnoque
738 1003 797 1062 illis
815 1006 909 1062 omnis
928 1006 992 1062 veri
1010 1005 1156 1082 depriva-

267 1109 321 1180 tio,
342 1123 426 1169 vers:
445 1108 499 1163 16.

205 1209 234 1266 3.
289 1206 371 1283 Cap:
397 1206 437 1264 Il.
474 1206 521 1264 De
548 1206 726 1281 cogitatione
750 1221 816 1263 cum
843 1207 1009 1264 intentione
1026 1207 1158 1268 faciendi

263 1307 392 1377 malum,
411 1306 490 1382 quod
509 1306 597 1364 etiam
616 1323 654 1363 er
668 1305 820 1363 voluntate
834 1305 955 1379 faciunt,
975 1323 1064 1367 vers:
1084 1312 1155 1368 ne.

204 1408 234 1466 3.
288 1406 368 1483 quod
387 1407 455 1464 inde
473 1405 611 1465 Ecclesia
633 1422 779 1481 perversa
797 1405 877 1464 facta
894 1407 947 1479 sit,
970 1424 1059 1466 vers:
1082 1410 1101 1469 3
1117 1409 1156 1468 ad

269 1509 303 1581 53
332 1506 412 1582 quod
435 1524 494 1564 non
513 1507 601 1583 Juvet
623 1505 752 1581 amplius
777 1505 903 1576 docere,
933 1507 991 1565 nisi
1015 1507 1084 1568 illos
1104 1512 1155 1587 qui

264 1605 418 1677 obediunt,
437 1623 523 1664 vers:
546 1607 576 1664 6.
596 1611 625 1664 i.

205 1707 235 1764 3.
287 1723 378 1781 quare
409 1705 488 1763 mala
513 1708 606 1764 omnis
631 1707 750 1782 generis
781 1705 908 1781 iaciunt,
941 1723 1026 1766 vers:
1062 1711 1092 1767 8.
1122 1712 1151 1768 9.

262 1805 342 1882 quod
355 1807 481 1881 perituri
495 1808 636 1881 quianon
649 1812 776 1882 possunt
789 1806 897 1881 doceri,
916 1824 997 1866 vers:
1021 1811 1077 1867 10.
1094 1812 1108 1867 l
1120 1812 1148 1868 1.

176 1908 230 1963 11.
285 1905 365 1981 quod
382 1905 455 1964 talia
472 1923 530 1964 non
556 1907 700 1964 invadant
717 1906 784 1965 illos
805 1909 856 1984 qui
875 1925 891 1966 e
911 1924 991 1966 nova
1012 1908 1151 1968 Ecclesia

261 2006 382 2065 Domini
401 2014 500 2081 erunt,
528 2023 612 2065 vers:
636 2009 762 2066 1213.

201 2108 230 2165 3.
284 2106 364 2182 Cap:
382 2106 438 2166 ΠΙ.
465 2107 512 2165 De
530 2107 668 2166 Ecclesia
684 2124 845 2184 perverse,
865 2108 946 2185 quod
959 2110 1058 2168 omnia
1077 2127 1150 2169 vera

259 2215 288 2266 et
305 2207 385 2264 bona
401 2223 498 2282 usque
518 2207 555 2264 ad
574 2206 678 2266 ultima
696 2209 761 2285 cjns
781 2207 1000 2278 destruxerint,
1018 2226 1103 2269 vers:
1130 2215 1143 2268 1

257 2306 296 2366 ad
312 2309 342 2368 3.
371 2380 376 2392 Ι

79 2416 81 2421 ·
196 2408 226 2465 3.
281 2408 361 2485 quod
378 2416 447 2468 tunc
466 2407 624 2467 aDomino
638 2427 698 2467 non
712 2409 880 2484 audiantur,
901 2425 987 2469 vers:
1010 2415 1042 2470 4.

194 2509 223 2566 3.
278 2509 357 2586 quod
382 2511 453 2586 quia
469 2516 680 2585 perverterunt
704 2512 803 2569 omnia
820 2509 915 2568 Verbi
933 2516 964 2569 ot
982 2510 1143 2586 doctrinae,

254 2627 314 2668 non
332 2609 460 2685 amplius
485 2609 597 2685 aliquid
619 2612 684 2668 veri
708 2615 738 2668 et
756 2610 826 2668 boni
843 2612 961 2685 possint
983 2611 1087 2672 videre
1117 2620 1145 2672 et

255 2711 400 2784 recipere,
422 2726 505 2769 vers:
531 2710 603 2767 bad
620 2715 649 2768 1.

194 2810 222 2864 1.
251 2807 322 2885 ⁴De
344 2807 472 2867 Domino
495 2809 594 2883 quoad
612 2809 748 2868 Verbum
771 2810 850 2886 qnod
869 2811 1054 2874 indicaturus
1075 2816 1141 2889 iltis,

254 2923 340 2968 vers:
363 2908 391 2965 8.

192 3006 222 3063 3.
276 3007 356 3082 quod
370 3010 469 3067 omnia
480 3026 553 3068 vcra
568 3015 597 3069 et
609 3010 689 3070 bona
701 3009 796 3071 Verbi
809 3012 976 3089 falsificent,
996 3021 1142 3076 ettamen

252 3106 366 3182 dicant,
387 3107 467 3184 quod
484 3109 568 3168 Deus
587 3111 669 3187 apud
682 3111 749 3170 illos
768 3113 815 3187 sit,
834 3130 922 3172 vers:
944 3115 1015 3173 9111
1035 3119 1090 3175 11.
1187 3133 1189 3136 ⁴

190 3207 220 3264 3.
274 3207 354 3283 quod
367 3207 434 3267 ideo
453 3200 517 3267 tota
534 3210 671 3271 Ecclesia
690 3211 877 3287 destructur,
896 3230 985 3273 vers:
1009 3218 1064 3275 12.

114 3305 169 3363 11.
195 3310 223 3364 1.
278 3306 357 3383 Cap:
376 3308 430 3367 IV.
460 3307 547 3384 Quod
564 3329 643 3369 nova
660 3311 798 3372 Ecclesia
816 3313 990 3390 aDornino,
1020 3332 1089 3375 cum
1111 3317 1140 3374 in

248 3408 390 3469 mundum
410 3411 509 3483 venit,
540 3393 770 3488 instaurabitur,
797 3419 826 3472 et
848 3413 901 3473 illa
923 3431 961 3473 ex
989 3417 1136 3493 gentibus,

247 3527 332 3569 vers:
357 3514 384 3568 1.
402 3514 432 3570 2.

161 3609 216 3667 11.
269 3610 348 3687 quod
371 3610 413 3669 ibi
430 3629 488 3670 non
507 3612 635 3687 amplius
659 3612 737 3672 salsa
762 3619 793 3673 et
815 3613 909 3686 mala,
942 3615 997 3676 sed
1015 3634 1089 3676 vera
1109 3622 1138 3676 et

246 3708 333 3782 bona,
352 3727 440 3768 vers:
462 3714 493 3770 3.
515 3714 546 3770 4.
575 3713 631 3771 sub
644 3713 781 3788 Domino,
801 3731 888 3776 vers:
911 3715 939 3775 5.
958 3719 1058 3777 r.10.

158 3808 212 3866 11.
266 3808 346 3885 qnod
364 3810 508 3870 accedent
526 3815 624 3889 quiin
643 3817 789 3890 externis,
818 3822 848 3875 et
866 3818 917 3893 qui
936 3835 974 3876 ex
989 3819 1133 3896 ignoran-

242 3907 284 3966 tia
300 3908 331 3966 in
349 3925 408 3967 non
421 3912 500 3969 veris
520 3917 549 3970 et
566 3912 663 3989 bonis,
682 3931 767 3974 vers:
790 3917 819 3974 6.
839 3921 868 3974 i.

157 4008 209 4066 11.
264 4007 345 4084 quod
361 4027 435 4068 vera
453 4017 483 4069 11
510 4011 590 4070 bona
612 4014 694 4090 apud
719 4015 787 4074 illo's
813 4023 965 4092 crescent,
995 4034 1083 4079 vers:
1113 4019 1129 4076 8

241 4108 280 4167 ad
300 4111 355 4168 10.
384 4111 463 4186 quod
480 4128 539 4170 non
557 4112 635 4171 falsa
654 4114 805 4174 intrabunt
823 4123 853 4175 et
869 4117 1013 4192 perdent,
1044 4135 1130 4178 vers:

243 4210 368 4269 10.11.
390 4211 444 4270 12.
