2528 4808
305 318 438 374 cumn:
460 321 540 378 cnr.
560 320 666 386 xxm,
687 330 724 382 20
746 278 887 386 -xxm,
909 331 954 384 30.
1120 329 1155 383 u

157 478 241 556 quod
259 479 303 537 illi
322 482 372 556 qui
390 479 465 539 false
477 483 662 555 interpretati
675 481 735 539 sint
746 480 888 555 Verbum,
909 481 993 539 dam·
1033 483 1062 540 3.

105 583 166 640 nati
184 583 255 655 siut,
283 597 368 640 vers:
391 583 434 639 20
449 581 487 639 ad
502 583 557 640 23.
776 564 782 577 ⁸

157 681 241 759 qnod
255 684 306 757 qui
318 682 395 740 falsa
408 689 631 759 persuaserunt,
645 686 675 742 in
687 683 771 740 salsis
784 685 915 741 mansuri
929 685 997 753 sint,
1035 685 1064 742 3.

103 800 158 844 uec
176 785 353 860 percepturi
371 801 483 858 verum,
503 799 587 842 vers:
609 787 652 842 24
664 783 703 842 ad
715 785 770 843 32.

125 883 240 961 'Capt
269 883 371 942 XXX.
416 884 463 943 De
488 886 704 944 instauratione
728 882 882 944 Ecclesiae
908 885 988 961 apud
1027 889 1080 943 11.

102 987 170 1047 illos
190 987 245 1062 qui
259 987 289 1042 in
303 987 476 1060 captivitate
490 986 640 1062 spirituali
652 986 779 1060 inerunt,
799 989 895 1045 souin
906 988 991 1062 igno·
1095 968 1099 981 ⁸

106 1089 204 1147 tantia
221 1088 296 1162 veri,
316 1103 399 1147 vers:
422 1090 451 1145 1.
469 1091 499 1144 2.
520 1088 549 1145 3.

67 1255 69 1258 Α
158 1187 248 1264 Quod
268 1193 338 1246 tunc
361 1187 497 1246 ultimum
510 1187 656 1263 judiciuin
681 1191 737 1246 erit
757 1188 837 1264 apud
854 1187 921 1246 illos
941 1189 991 1264 qui
1030 1190 1083 1247 15.

105 1289 153 1357 ¹al>
166 1289 311 1364 Ecclesia,
330 1305 414 1348 vers:
435 1292 455 1346 4
468 1290 506 1347 ad
520 1294 548 1346 7.

165 1389 238 1466 quod
257 1396 328 1448 tnnc
343 1389 514 1450 arcessendi
528 1389 566 1448 ad
578 1389 756 1462 Ecclesiam,
771 1399 801 1451 et
816 1389 914 1449 colent
925 1390 990 1448 Do·
1031 1392 1084 1448 11.

110 1494 231 1561 minum,
259 1508 347 1550 vers:
380 1494 410 1550 8.
433 1494 462 1550 9.
501 1491 580 1567 qnod
605 1497 675 1550 tnnc
700 1494 859 1568 captivitas
891 1509 992 1551 eorum

105 1592 275 1672 spiritualis
294 1576 449 1652 cessatura
467 1596 515 1662 sit,
534 1609 620 1651 vers:
645 1595 697 1652 10.
721 1597 775 1652 ll.

91 1714 97 1729 ·
152 1693 271 1770 quoda
288 1694 373 1752 malis
389 1699 418 1752 ct
430 1692 514 1752 salsis
527 1695 668 1765 infestati,
688 1712 743 1753 nec
759 1695 885 1770 medela,
905 1711 989 1754 vcrs:
1031 1698 1085 1753 11.
1104 1697 1134 1754 3.

107 1799 146 1855 12
163 1795 205 1854 ad
224 1795 282 1853 15.
310 1794 364 1853 sed
378 1794 457 1870 quod
475 1795 518 1852 illi
532 1798 582 1872 qui
596 1796 814 1871 destruxerunt,
834 1796 992 1855 destruen-

91 1904 158 1979 tur,
175 1913 271 1955 vers:
295 1899 347 1955 16.

156 1997 238 2074 quod
257 2015 277 2054 a
293 1977 420 2056 Domino
440 1999 496 2055 erit
512 1997 638 2070 rnedcla,
661 2000 711 2073 qui
728 2001 866 2057 restituet
881 1997 989 2056 Ecclo-
1031 2001 1084 2055 11.

114 2101 193 2174 siam,
220 2115 309 2157 vers:
333 2102 387 2156 17.
404 2100 470 2173 18.ἱ
485 2098 564 2174 qnod
581 2097 773 2175 perficientur
789 2101 820 2157 in
838 2101 934 2170 verm,
965 2106 995 2157 et

110 2200 260 2276 perstubit,
291 2217 374 2258 vers:
408 2203 461 2258 19.
484 2201 539 2258 20.

154 2301 238 2379 quod
256 2301 314 2360 hoc
333 2301 386 2361 fiet
405 2319 422 2358 a
438 2300 580 2376 Domino,
606 2318 673 2359 cnm
691 2305 848 2374 venturus,
869 2303 920 2377 qni
936 2299 995 2359 illis
1035 2303 1135 2358 11.1.

107 2400 188 2466 Deus
208 2404 277 2472 erit,
293 2420 379 2462 vers:
401 2406 456 2460 21.
473 2405 528 2461 22.
831 2482 833 2486 Ι

155 2503 237 2580 qnod
250 2504 398 2581 judicium
410 2504 500 2562 saciet
518 2519 610 2578 snper
622 2503 739 2577 impios,
759 2516 838 2560 vers:
860 2503 916 2560 23.
934 2505 989 2559 24.
1028 2502 1081 2560 15.

160 2629 242 2707 Gap:
268 2625 386 2688 XXXl.
422 2629 469 2687 Do
495 2645 574 2687 nova
596 2627 734 2687 Ecclesia
759 2625 995 2684 instaurandae
1033 2631 1062 2685 1.
1081 2604 1134 2686 11.

113 2730 254 2804 Domino,
288 2748 364 2806 quae
388 2730 485 2788 Israel
503 2735 534 2787 et
552 2730 635 2788 Zion.
674 2727 760 2804 Quod
776 2729 922 2787 Dominus
941 2731 998 2787 erit

113 2831 227 2892 illorum
244 2832 344 2901 Dens,
367 2848 453 2890 vers:
477 2834 506 2888 1.

160 2951 249 3028 Quod
278 2958 378 3009 amata
409 2952 534 3026 recipiet
555 2950 709 3010 Ecclesiae
731 2951 823 3037 bona,
857 2968 942 3010 vers:
970 2956 988 3010 2
1030 2954 1083 3008 11.

118 3051 194 3112 ado.
232 3053 313 3130 quod
331 3050 502 3111 arcessendi
526 3054 599 3126 sint,
634 3069 721 3111 vers:
749 3055 779 3110 6.
802 3057 830 3109 7.
852 3054 881 3110 8.
919 3053 997 3128 quod

118 3146 227 3212 r'enturi
247 3160 278 3213 et
294 3152 473 3212 intellecturi
486 3169 567 3228 vera,
585 3170 670 3211 vers:
693 3155 722 3211 9.

163 3272 242 3348 quod
260 3272 464 3331 custodientur
489 3289 507 3329 a
532 3273 616 3331 salsis
647 3260 789 3342 redemti,
824 3290 909 3333 vers:
941 3275 993 3330 lo.
1034 3274 1087 3330 ll.
1107 3274 1160 3328 17.

116 3374 171 3466 ι11.
202 3381 232 3432 et
251 3374 330 3449 qnod
348 3376 502 3449 accepturi
516 3375 685 3450 spiritualia
699 3381 729 3433 et
747 3373 896 3446 coelestia,
911 3389 995 3431 vers:
1024 3384 1026 3389 ’

122 3474 158 3530 12
176 3474 287 3536 adli.
918 3466 925 3485 ¹

165 3597 244 3672 quod
262 3600 340 3655 sicut
357 3597 464 3654 mortui
485 3596 551 3668 sint,
570 3609 655 3652 vers:
679 3593 732 3650 15.
763 3591 817 3650 sed
838 3590 917 3667 quod
934 3591 989 3649 de·
1028 3594 1082 3648 11.

119 3712 191 3755 mum
207 3698 348 3770 redituri,
368 3713 452 3755 vers:
475 3697 529 3753 16.
547 3698 600 3751 17.

125 3872 133 3890 ,
163 3819 241 3894 quod
265 3835 303 3877 ex
326 3818 492 3894 ignorantia
517 3817 582 3874 veri
600 3816 727 3874 >venturi
751 3815 781 3871 in
806 3831 879 3872 vera
905 3813 989 3884 coeli,
1029 3816 1083 3871 11.

119 3933 198 3978 vers:
220 3921 262 3978 18
282 3918 320 3976 ad
334 3921 390 3976 21.
419 3915 498 3994 quod
513 3914 694 3976 intellecturi
706 3915 767 3990 illa,
786 3933 869 3974 vers:
891 3918 946 3974 22.

164 4021 242 4096 quod
259 4019 406 4096 sapientia
422 4016 599 4092 imbuentur,
617 4033 702 4076 vers:
722 4019 768 4076 -23
789 4016 828 4075 ad
847 4018 901 4074 28.

166 4122 245 4197 quod
261 4138 320 4178 non
337 4119 396 4177 illis
414 4119 521 4178 falsum
538 4118 617 4193 mali,
637 4135 721 4179 vers:
748 4119 802 4175 29.
826 4118 880 4176 30.

164 4222 242 4303 quod
259 4221 427 4299 conjunctio
446 4237 512 4279 curn
529 4220 656 4280 Domino
681 4219 739 4279 illis
764 4220 833 4290 erit,
860 4223 889 4276 et
912 4217 990 4293 qnod
1028 4216 1081 4273 11.
