2528 4808
103 309 139 364 οι
378 297 509 355 EZECH:
530 301 609 356 CAP.
629 298 821 366 xvc-nvn,
840 307 869 361 e.

206 463 237 516 2.
291 458 372 535 Cap:
393 441 480 518 XVI.
513 458 549 518 de
573 460 747 518 successivo
772 464 854 519 statu
871 458 1027 519 Ecclesiae
1049 460 1157 521 ludai-

271 575 339 633 cae,
377 558 458 634 quod
489 560 517 619 ei
546 575 606 617 non
635 560 692 618 nisi
725 576 814 634 quam
842 557 953 618 falsum
980 566 1010 620 et
1040 561 1159 634 malum,

159 649 162 654 ’
270 674 355 718 vers:
379 661 408 716 1.
432 662 462 716 2.

245 779 249 785 ·
296 757 375 836 qnod
400 761 579 835 aprincipio
604 776 623 816 a
648 758 775 817 Domino
797 759 903 818 relicta
927 762 981 834 sit,
1011 762 1084 836 quia
1106 761 1160 821 luit

271 859 386 935 absque
403 857 465 916 ullo
481 857 646 933 Ecclesiae,
665 875 751 918 vers:
773 861 791 919 3
808 859 848 918 ad
864 861 893 918 6.

211 965 241 1019 2.
294 958 374 1036 quod
396 963 466 1034 post
488 964 606 1034 tempus
634 956 704 1016 data
728 962 788 1017 sint
815 961 843 1019 ei
867 960 961 1017 omnis
986 963 1106 1036 generis
1129 968 1159 1020 et

272 1059 386 1136 speciei
403 1075 476 1120 vera
494 1066 524 1116 et
540 1058 620 1116 bona
636 1075 692 1134 ροτ
709 1058 852 1133 Verbum,
873 1065 902 1118 et
920 1057 1000 1136 quod
1017 1062 1062 1119 sic
1081 1060 1159 1119 mala

273 1167 303 1219 et
315 1158 393 1216 falsa
410 1164 525 1217 remota
542 1160 616 1229 sint,
634 1174 718 1216 vers:
743 1163 758 1216 7
774 1158 812 1217 ad
826 1162 879 1228 12,

212 1263 242 1318 2.
296 1258 375 1336 quod
392 1261 435 1318 sic
452 1260 483 1316 in
499 1257 697 1334 intelligentia
713 1261 863 1334 potuisset
881 1275 965 1329 esse,
992 1277 1080 1319 vers:
1104 1263 1155 1320 13.

275 1362 330 1417 14.
367 1358 446 1435 quod
477 1359 575 1417 omnia
608 1356 703 1417 Verbi
737 1357 954 1433 falsificaverit,
993 1377 1079 1419 vers:
1115 1363 1158 1421 15

272 1458 311 1517 ad
330 1461 386 1517 20.

298 1559 377 1634 quod
395 1560 576 1617 exstruxerit
593 1575 666 1617 vera
684 1565 714 1617 et
731 1559 824 1633 bona,
858 1564 888 1616 et
914 1558 994 1618 lacta
1016 1562 1057 1618 sit
1082 1562 1158 1620 sicut

131 1730 139 1739 ,
250 1663 302 1731 ,in
318 1661 417 1727 initio,
434 1674 520 1716 vers:
547 1660 603 1716 21.
619 1650 675 1717 22.

210 1765 241 1820 2.
294 1758 373 1834 quod
393 1760 516 1816 verterit
532 1775 606 1816 vera
626 1760 657 1816 in
674 1758 767 1833 falsa,
793 1775 878 1817 vers:
907 1760 951 1818 23
968 1758 1008 1817 ad
1023 1760 1080 1819 25.
1104 1777 1158 1837 ροτ

270 1857 433 1920 scientifica
450 1857 593 1916 naturalis
610 1856 746 1933 bominis,
762 1839 820 1934 ¹per
838 1858 1026 1934 traditiones,
1056 1866 1087 1919 et
1105 1876 1158 1936 per

269 1959 426 2019 ratiocinia
444 1975 481 2014 ex
497 1957 566 2032 illis,
584 1975 670 2016 vers:
692 1961 735 2017 26
751 1958 790 2016 ad
805 1961 861 2017 28.

211 2065 242 2120 2.
295 2057 415 2118 τοττὰοτο
433 2056 658 2133 prophanando,
677 2074 761 2117 vers:
783 2060 838 2117 29.
857 2060 913 2132 30,

209 2165 240 2219 2.
294 2157 374 2236 quod
392 2155 569 2216 exaltaverit
586 2172 620 2215 se
637 2173 729 2233 super
747 2174 858 2230 omnes,
877 2175 963 2218 vers:
990 2160 1046 2233 31,

159 2260 189 2321 2.
212 2261 241 2319 3.
295 2257 374 2334 quod
392 2255 556 2314 obtruderit
579 2256 657 2315 falsa
679 2257 839 2328 sacellis,
871 2274 956 2318 vers:
983 2260 1027 2318 32
1044 2259 1084 2317 ad
1102 2260 1157 2319 34.

271 2357 350 2435 quod
366 2356 490 2432 prorsus
511 2357 638 2430 perituri
662 2357 721 2416 sint
737 2374 794 2434 per
810 2358 901 2432 falsa,
926 2375 983 2434 per
1005 2375 1084 2435 quae
1103 2358 1156 2418 ὰο-

269 2462 385 2518 structa
402 2461 472 2514 sunt
488 2471 562 2514 vera
578 2455 682 2528 Verbi,
699 2473 785 2515 vers:
808 2458 850 2517 35
868 2457 907 2515 ad
920 2460 977 2516 42.

177 2561 186 2578 “
210 2562 238 2620 3.
291 2561 334 2617 ita
350 2557 442 2614 luturi
459 2556 536 2616 sicut
552 2557 584 2614 in
599 2557 692 2630 initio,
711 2571 797 2615 vers:
818 2559 864 2616 43
881 2556 921 2615 ad
934 2558 991 2616 45.

134 2661 242 2719 3.11.
295 2656 376 2735 quod
394 2654 490 2713 similo
517 2655 629 2715 lactum
653 2657 691 2733 sit
718 2672 786 2715 cum
813 2656 953 2716 Ecclesia
977 2655 1157 2733 israelitica,

269 2756 323 2838 οοὰ
336 2757 444 2828 miuus,
463 2770 549 2813 vers:
570 2758 614 2813 46
625 2754 663 2812 ad
675 2756 728 2814 52.
762 2755 841 2831 quod
855 2762 954 2814 tamen
971 2757 1160 2818 restituenda

269 2857 309 2913 sit
324 2852 463 2914 Ecclesia
478 2854 510 2910 in
529 2856 691 2922 communi,
713 2870 799 2913 vers:
828 2856 870 2915 53
883 2854 923 2913 ad
936 2856 989 2914 55.

186 2957 240 3014 11.
293 2953 373 3031 quod
397 2949 494 3011 ubivis
516 2951 624 3011 melius
647 2970 736 3028 quam
760 2956 789 3011 in
813 2954 958 3026 Judaica,
993 2971 1078 3014 vers:
1115 2957 1159 3016 56

270 3052 309 3111 aa
333 3053 386 3110 ss.
568 3031 578 3046 ‘

184 3155 237 3212 11.
291 3150 378 3228 Quod
407 3151 546 3210 Ecclesia
576 3167 655 3210 nova
682 3154 866 3214 instituenda
895 3156 934 3213 sit
960 3149 1043 3230 apud
1071 3154 1157 3230 alios,

270 3268 356 3311 vers:
380 3252 421 3309 59
438 3249 477 3308 ad
493 3251 548 3309 63.

134 3354 189 3412 11.
211 3357 242 3413 2.
297 3351 377 3427 Cap:
395 3348 497 3410 XVII.
530 3349 684 3426 Quomodo
697 3352 975 3431 Ecclesiaantiqua
993 3371 1011 3412 a
1028 3355 1158 3414 Domino

268 3455 404 3513 instituta
422 3457 482 3527 est,
505 3456 534 3508 et
548 3451 645 3528 qualis
659 3450 712 3510 illa
724 3452 804 3513 lacta
817 3453 899 3530 apud
911 3458 1032 3530 gentem
1049 3453 1159 3514 Juoai-

269 3571 348 3612 cam:
373 3550 474 3627 aquila
491 3556 537 3610 est
548 3551 734 3623 intellectus,
747 3557 778 3610 ct
789 3552 922 3610 Libanus
941 3558 988 3615 est
1000 3552 1158 3613 Ecclesiae

266 3651 420 3710 rationale.
448 3649 536 3724 Quod
546 3651 591 3710 illi
605 3654 657 3729 qui
672 3653 703 3709 in
712 3650 854 3711 facultate
865 3651 1052 3727 intelligendi
1063 3658 1158 3727 eraut,

267 3748 307 3806 ad
320 3746 487 3808 Ecclesiam
504 3748 625 3810 adducti
641 3751 714 3823 sint,
738 3767 822 3809 vers:
846 3754 861 3809 l
881 3750 920 3809 ad
937 3752 965 3810 3.

83 3879 87 3884 ·
133 3850 186 3905 11.
209 3851 239 3906 2.
291 3844 371 3926 qnod
387 3843 508 3905 adducti
522 3847 554 3904 in
570 3848 737 3909 Ecclesiam
753 3849 875 3910 Domini
891 3850 1099 3926 spiritualem,
1122 3866 1159 3909 ac

268 3947 422 4018 instructi,
441 3961 527 4003 vers:
548 3948 579 4004 4.
602 3948 632 4006 5.

26 4073 29 4079 ·
135 4047 188 4103 11.
211 4048 241 4103 2.
295 4044 374 4120 qnod
398 4045 470 4103 lacti
492 4044 648 4122 Ecclesia,
672 4063 756 4106 vers:
785 4049 815 4106 6.
852 4047 932 4124 quod
956 4051 1158 4110 successerint

271 4143 334 4221 alii,
367 4143 475 4223 quibus
506 4161 565 4205 non
594 4146 764 4208 intellectus
790 4147 949 4230 rationale,
983 4166 1020 4210 ex
1049 4148 1160 4227 quibus
