2528 4808
102 348 156 399 116
344 335 476 390 PSALM:
499 336 625 401 LXXXI,
649 345 663 394 1
688 333 861 400 —Lxxxm
885 344 911 396 8.

106 499 158 556 16.
180 499 233 553 11.
286 494 343 552 Ps:
363 493 506 553 LXXXI.
532 493 703 554 Celebratio
714 493 836 552 Domini
849 492 887 550 ab
902 493 1041 553 Ecclesia
1050 495 1160 571 Ipsius,

269 611 353 653 vcrs:
378 598 390 651 l
412 595 450 652 ad
467 598 494 654 5.

131 700 185 754 11.
206 698 235 755 3.
288 695 368 771 quod
394 694 501 756 liberat
528 695 565 752 ab
589 696 712 754 infamis
739 713 806 753 cum
834 697 1005 770 invocatus,
1040 703 1070 754 ct
1096 712 1162 754 cum

267 795 448 872 probaverit,
472 813 557 855 vers:
581 799 599 853 6
616 795 654 854 ad
669 797 699 853 8.
729 795 810 872 quod
827 794 965 854 Ecclesia
985 798 1067 872 apud
1084 796 1160 857 filios

267 896 374 955 Jacobi
398 900 571 966 recesserit,
603 904 633 956 ct
659 896 738 955 colat
770 897 861 954 alium
886 896 990 972 deum,
1023 915 1111 957 vers:
1141 899 1159 956 9

266 997 304 1055 ad
330 1001 383 1055 12.

268 1098 348 1174 quod
365 1099 433 1157 ideo
447 1099 542 1157 relicti
561 1099 626 1173 sibi,
654 1116 740 1159 vers:
765 1101 818 1159 13.

210 1203 239 1257 2.
293 1203 317 1257 si
337 1199 553 1273 obedivissent,
586 1201 665 1275 quod
682 1208 798 1260 remota
816 1200 853 1259 ab
871 1199 931 1258 illis
948 1200 1066 1260 inferna
1084 1202 1159 1261 luis·

268 1307 351 1374 sont,
373 1306 403 1359 et
421 1300 591 1359 fruerentur
609 1304 687 1359 omni
705 1301 792 1375 bono,
814 1318 899 1361 vers:
924 1303 966 1359 14
983 1302 1021 1360 ad
1041 1305 1097 1360 17.

185 1405 238 1460 11.
289 1401 347 1459 Ps:
366 1400 525 1459 LXXXII.
561 1402 708 1460 Dominus
727 1401 765 1459 ad
782 1401 966 1476 Ecclesiam,
993 1405 1023 1461 in
1040 1410 1162 1480 quaest

269 1501 418 1575 Verbum,
451 1520 487 1561 ex
521 1519 580 1577 quo
611 1509 737 1578 possent
766 1503 795 1560 in
825 1505 905 1561 veris
936 1503 1056 1563 Divinis
1083 1487 1171 1574 csse,

268 1619 352 1662 vers:
378 1607 405 1660 1.

184 1708 238 1762 11.
292 1720 328 1761 ne
348 1703 585 1777 malefacerent,
605 1704 660 1762 sed
671 1713 704 1763 ut
717 1704 808 1778 bona,
829 1721 916 1763 vers:
938 1708 955 1763 2
974 1705 1013 1762 ad
1030 1708 1061 1762 4.
1082 1705 1161 1782 quod

267 1821 324 1862 non
342 1804 461 1876 iaciant,
482 1822 574 1878 quare
592 1804 730 1863 Ecclesia
747 1804 877 1877 vacillat,
898 1822 987 1867 vers:
1012 1808 1041 1865 5.

110 1907 162 1963 11.
188 1908 242 1964 15.
296 1907 337 1963 ita
356 1907 477 1963 tametsi
494 1904 554 1963 illis
569 1905 712 1979 Verbum,
731 1922 829 1981 usque
848 1905 995 1981 peribunt,
1015 1923 1102 1966 vers:
1131 1910 1159 1966 6.

272 2010 301 2064 1.
328 2008 462 2082 precatio
485 2013 518 2063 ut
541 2005 688 2064 Dominus
712 2008 813 2064 veniat
835 2013 865 2065 ct
883 2005 1031 2081 judicium
1061 2008 1159 2082 iaciat,

267 2124 351 2165 vers:
374 2109 402 2165 8.
599 2159 606 2173 ,

145 2277 147 2281 ,
208 2213 236 2266 i.
288 2208 343 2267 Ps:
369 2207 543 2266 LXXXIII.
576 2208 622 2266 Dc
648 2209 757 2284 pugnis
782 2208 901 2266 Domini
934 2215 1001 2266 cum
1023 2209 1157 2279 infamis,

267 2309 346 2384 quod
363 2308 479 2368 inferna
493 2308 587 2368 velint
600 2309 754 2368 destruere
774 2311 872 2366 omnia
889 2307 1055 2383 Ecclesiae,
1075 2325 1158 2368 vers:

274 2410 347 2468 lad
366 2412 395 2468 6.

207 2516 235 2568 7.
288 2509 410 2569 Inferna
426 2513 611 2585 insurgentia
629 2515 733 2568 contra
755 2510 916 2569 Dominum
935 2516 1157 2585 enumerantur,

269 2629 354 2670 vers:
379 2611 452 2670 ¹'lad
469 2613 498 2669 9.
725 2607 729 2615 '

206 2715 236 2769 8.
291 2712 370 2787 quod
393 2696 570 2787 dejicientur
601 2719 631 2771 et
656 2712 911 2789 subjugabuntur,
940 2728 1026 2771 vers:
1057 2715 1100 2772 10
1122 2709 1161 2771 ad

271 2815 324 2870 11.
344 2812 448 2870 clocis
466 2813 518 2869 ubi
536 2812 670 2871 ieesrunt
688 2813 744 2871 sibi
763 2815 841 2872 sicut
859 2813 968 2886 coelos,
989 2829 1078 2872 vers:
1102 2815 1157 2872 13.

207 2917 235 2968 7.
286 2913 420 2987 precatio
435 2911 473 2969 ad
486 2912 647 2970 Dominum
666 2920 700 2970 ut
714 2921 885 2990 prosternat
902 2913 979 2988 illos,
1000 2930 1088 2972 vers:
1114 2915 1157 2972 14

269 3011 307 3069 ad
328 3013 383 3070 18.
432 3054 434 3059 -

132 3114 162 3170 8.
188 3114 241 3170 16.
294 3119 327 3171 ut
344 3115 457 3170 sciatur
475 3113 555 3189 quod
572 3115 629 3172 soli
646 3114 775 3172 Domino
798 3117 950 3190 potentia,
971 3130 1055 3172 vers:
1079 3115 1133 3172 19.

185 3233 239 3289 11.
292 3230 348 3290 Ps:
368 3231 546 3291 LXXXIV:
575 3233 611 3292 de
626 3250 726 3291 aurore
746 3240 776 3292 et
790 3233 938 3292 desiderio
958 3249 1032 3308 erga
1049 3230 1158 3293 Eccle-

225 3307 228 3312 ¹
267 3335 342 3392 siam
358 3339 387 3391 et
402 3331 535 3407 Coclum,
555 3351 643 3393 vers:
668 3337 682 3390 1
701 3332 739 3390 ad
756 3335 784 3393 5.
888 3306 907 3339 ⁸

184 3458 237 3511 ll.
292 3453 373 3529 quod
388 3451 441 3510 illa
460 3470 496 3511 err
516 3452 626 3512 fiducia
643 3456 673 3511 in
691 3454 853 3512 Dominum
871 3456 900 3510 in
922 3454 1003 3512 veris
1022 3461 1052 3513 et
1075 3454 1161 3513 bonis

267 3560 393 3627 crescat,
414 3569 497 3613 vers:
521 3556 538 3612 6
555 3553 594 3610 ad
611 3557 640 3612 8.

183 3676 236 3730 17.
288 3674 368 3747 quod
390 3673 545 3732 beatitudo
574 3673 640 3748 ejus
674 3675 712 3730 sit
743 3690 780 3730 cx
802 3673 913 3734 fiducia
932 3676 963 3732 in
989 3673 1159 3746 Dominum,

270 3789 353 3831 vers:
383 3773 457 3832 {lad
477 3775 530 3832 13.

106 3896 161 3955 13.
183 3896 237 3955 15.
289 3895 346 3954 Ps:
365 3894 525 3955 LXXXV.
546 3899 642 3955 oratio
656 3895 777 3955 Domini
790 3897 829 3954 ad
836 3895 968 3972 Patrem,
981 3898 1062 3975 quod
1073 3903 1161 3974 post-

268 4013 357 4071 quam
383 3995 530 4085 judicium
552 3996 664 4054 lactum
689 4013 782 4072 super
799 3996 895 4054 malos
920 4014 1000 4056 nova
1024 3999 1161 4058 Ecclesia

265 4097 446 4169 instituatur,
466 4113 551 4155 vers:
575 4098 588 4153 1
609 4097 647 4154 ad
660 4100 689 4156 8.

182 4218 237 4272 11.
279 4198 443 4290 'perceptio
468 4233 486 4272 a
508 4214 617 4273 Divino
644 4233 698 4276 suo
725 4216 806 4293 quod
835 4189 973 4276 Ecclesia
997 4218 1106 4276 existet
1133 4220 1161 4273 et
