2528 4808
102 332 137 383 86
178 319 303 374 NAHUM
324 317 403 375 GAI‘.
425 317 436 368 Ι
458 315 541 380 -111,
565 322 609 375 19.
650 311 825 366 HABAKUK
845 310 924 368 CAP.
948 310 971 376 l,
996 320 1080 371 1-5.

517 463 738 534 Nahum

182 580 235 638 15.
288 577 365 652 Cap:
384 574 406 632 l.
433 574 481 632 De
499 572 602 631 ultimo
616 571 730 648 judicio
749 587 843 646 super
861 569 920 628 illis
939 574 992 646 qui
1013 572 1045 628 in
1062 571 1156 644 malis,

268 692 354 735 vers:
386 676 414 732 1.
437 676 467 732 2.

133 779 187 836 15.
211 779 240 836 3.
295 773 382 850 Quod
401 791 438 831 ex
462 771 760 848 praesentia’lpsius
785 773 885 828 omnia
903 771 1098 846 revelentur,
1131 779 1161 830 et

269 873 348 951 quod
365 873 408 931 illi
426 874 477 948 qui
496 872 533 930 ab
551 871 689 930 Ecclesia
705 886 853 947 perversa
869 878 953 943 sunt,
977 889 1038 931 non
1060 874 1158 932 consi-

268 981 355 1048 stent,
374 988 460 1031 vers:
483 974 500 1031 3
516 971 554 1028 ad
571 975 600 1029 6.

187 1079 241 1133 11.
293 1073 373 1150 quod
385 1073 532 1131 Dominus
547 1078 659 1130 tutetur
672 1071 739 1130 illos
755 1074 805 1148 qui
819 1069 914 1129 fidunt
931 1071 1003 1147 ipsi,
1020 1089 1107 1130 vers:
1130 1078 1160 1131 1.

208 1177 237 1234 3.
289 1173 344 1232 sed
362 1172 442 1249 quod
465 1170 509 1229 illi
527 1173 576 1249 qni
593 1174 624 1230 in
641 1171 725 1230 salsis
747 1177 777 1230 51
799 1172 886 1231 malis
905 1180 990 1247 sunt,
1024 1175 1163 1248 perituri,

269 1290 354 1335 vers:
377 1272 449 1331 8ad
471 1275 525 1330 11.

187 1379 239 1433 11.
294 1372 375 1450 quod
398 1379 498 1431 autem
524 1372 567 1431 illi
586 1374 637 1448 qui
661 1388 721 1429 non
738 1371 776 1429 ab
794 1372 846 1431 illa
863 1372 1002 1431 Ecclesia
1019 1380 1106 1442 sunt,
1133 1380 1162 1431 51

269 1478 299 1532 in
316 1474 400 1531 falsis
422 1489 459 1529 ex
478 1473 658 1547 ignorantia,
690 1473 886 1547 recipientur,
913 1478 943 1530 et
960 1472 1039 1531 falsa
1058 1490 1162 1532 eorum

267 1572 509 1645 removebuntur,
530 1588 613 1630 vers:
637 1575 678 1629 12
699 1571 809 1630 ad14.

136 1679 163 1733 1.
189 1677 241 1732 11.
266 1720 275 1765 Ι
297 1673 375 1747 Cap:
393 1670 432 1728 II.
458 1671 505 1730 De
524 1671 655 1729 adventu
673 1671 802 1747 Domini,
823 1679 853 1731 et
871 1672 907 1731 de
926 1689 1006 1730 nova
1023 1673 1162 1731 Ecclesia

269 1771 306 1830 ab
324 1771 412 1847 Ipso,
433 1777 463 1828 51
481 1771 517 1829 de
531 1771 627 1830 tutela
643 1770 723 1829 illius
739 1771 894 1831 Ecclesiae
914 1771 952 1830 ab
965 1771 1053 1848 Ipso,
1074 1790 1161 1832 vers:

275 1870 345 1930 lad
360 1874 389 1930 4.

136 1975 189 2032 15.
213 1975 243 2032 3.
298 1971 378 2048 quod
395 1971 443 2029 die
458 1970 565 2047 judicii
581 1973 708 2047 perituri
721 1975 781 2031 sint
793 1973 836 2031 illi
852 1976 904 2050 qui
917 1972 1088 2032 Ecclesiam
1106 1975 1161 2032 de-

269 2077 452 2142 struxerunt,
471 2077 502 2129 51
516 2071 711 2148 conjicientur
728 2074 758 2131 in
773 2073 920 2132 internum
933 2090 1001 2133 cum
1019 2075 1160 2148 tumultu,

267 2170 498 2231 15154517.

153 2311 155 2315 «
209 2274 238 2330 3.
293 2269 373 2347 quod
389 2270 447 2328 illis
467 2270 655 2329 auferrentur
670 2275 767 2332 omnia
784 2273 955 2342 Ecclesiae,
973 2289 1059 2332 vers:
1082 2276 1100 2332 8
1122 2274 1162 2333 ad

273 2374 328 2429 11.
354 2369 435 2446 quod
451 2376 522 2429 tunc
540 2387 599 2428 non
618 2372 746 2447 amplius
769 2372 926 2432 destruent
942 2373 1114 2451 Ecclesiam
1132 2381 1163 2432 51

267 2477 372 2530 sancta
391 2471 471 2547 ejuS,
491 2487 576 2528 vers:
600 2473 641 2529 12
657 2470 695 2529 ad
712 2474 766 2530 14.

133 2571 187 2630 15.
212 2573 241 2630 3.
294 2570 373 2647 Cap:
393 2569 448 2628 111.
484 2569 532 2628 De
553 2569 613 2629 illis
633 2573 684 2646 qui
701 2571 937 2632 falsificaverunt
956 2578 986 2630 et
1003 2571 1160 2631 adultera-

267 2676 377 2729 verunt
394 2668 542 2742 Verbum,
572 2670 652 2745 quod
672 2673 798 2747 perituri
814 2674 845 2729 in
862 2671 995 2743 inferno,
1022 2689 1109 2730 vers:
1142 2677 1157 2730 1

268 2769 306 2826 ad
325 2772 355 2826 4.

132 2869 187 2926 15.
211 2869 241 2926 3.
296 2867 375 2943 quod
392 2865 607 2926 revelabuntur
625 2886 727 2929 omnes
742 2868 975 2928 adulterationes
995 2887 1108 2945 eorum,
1129 2882 1162 2930 et

267 2967 447 3035 interibunt,
465 2983 550 3024 vers:
574 2969 680 3028 55111.
709 2968 788 3044 qnod
807 2972 990 3045 cognitiones
1009 2978 1041 3029 et
1059 2974 1162 3030 scien-

267 3065 347 3125 tifica
365 3082 423 3124 non
446 3064 619 3142 salvabunt,
654 3071 724 3145 quia
749 3055 985 3144 dissipabuntur,
1019 3088 1105 3130 vers:
1137 3074 1157 3129 8

268 3165 307 3224 ad
320 3169 375 3224 10.
763 3162 769 3173 '

131 3267 184 3324 15.
208 3267 236 3325 3.
291 3267 361 3343 quia
377 3265 448 3324 11155
466 3283 524 3324 non
542 3272 676 3324 tutantur
694 3269 764 3343 quin
777 3273 903 3342 pereant
915 3268 1064 3343 persalse
1077 3268 1157 3339 mali,

267 3382 351 3425 varst
374 3369 428 3424 11.
451 3369 505 3424 12.
527 3373 679 3443 utcunque
696 3383 751 3441 per
768 3365 836 3425 illas
852 3367 1103 3428 confirmaverunt
1116 3385 1160 3438 se,

268 3467 322 3525 sed
339 3467 459 3538 frustra,
478 3483 564 3525 vers:
588 3468 636 3524 13·
645 3466 684 3524 ad
701 3469 753 3523 li.

134 3567 188 3624 15.
213 3568 242 3624 3.
297 3583 352 3624 nec
366 3568 530 3640 ratiocinia,
543 3582 627 3624 vers:
650 3567 704 3624 18.
728 3565 821 3642 Quod
834 3567 907 3626 nihil
920 3569 987 3626 sani
1001 3571 1048 3643 sit,
1065 3585 1158 3645 quare

269 3667 414 3738 interitus,
433 3681 517 3724 vers:
541 3667 595 3723 19.

478 3831 772 3901 Habakuk

205 3963 235 4018 3.
291 3958 372 4032 Cap:
391 3958 415 4016 I.
451 3959 487 4018 de
507 3963 650 4022 violentia
669 3971 698 4025 et
717 3965 753 4024 de
771 3966 934 4041 injustitia,
955 3969 1035 4043 quod
1053 3976 1157 4044 pareat

262 4059 380 4137 justum
398 4065 428 4117 et
446 4077 565 4137 verum,
585 4063 670 4123 dolor
689 4083 706 4126 a
723 4066 861 4142 Domino,
883 4074 912 4125 et
930 4067 968 4124 ad
986 4068 1156 4136 Dominum,

267 4174 354 4216 vers:
379 4162 393 4215 1
415 4159 497 4219 5115.
