2528 4808
109 301 143 354 14
353 289 450 345 ESAJ.
472 290 557 345 CAP.
577 289 663 355 XLII,
687 302 700 351 1
726 288 857 353 -xuv,
881 298 907 350 4.

271 448 379 509 leniter
397 446 485 508 ducet
503 455 533 508 et
551 448 676 523 docebit,
703 465 789 508 νοτες
814 453 827 506 1
845 448 884 508 ad
898 451 929 508 4.
950 447 1031 524 quod
1050 465 1089 509 ex
1107 449 1167 509 Di·

273 551 342 609 vino
360 566 415 607 suo
434 550 573 620 salvabit,
591 566 675 609 vers:
699 550 716 608 5
732 549 770 607 ad
786 551 816 608 8.

139 654 167 712 1.
191 653 244 709 11.
298 649 455 709 Adventus
477 650 597 710 Dotninl
622 649 809 726 praedictus,
834 656 864 708 et
882 649 1026 725 gaudium
1043 649 1168 710 illorum

272 751 322 827 qui
341 752 493 810 accessuri
510 751 549 809 ad
566 750 684 827 Ipsum,
703 752 754 826 qui
771 752 856 826 prius
874 753 904 808 in
923 753 1094 827 ignorantia
1115 751 1165 808 vi-

272 859 395 922 xerunt,
413 867 497 910 vers:
521 854 538 909 9
555 851 593 909 ad
610 854 663 909 12.

215 957 244 1011 l.
298 953 377 1030 quod
391 957 579 1028 pugnaturus
597 968 652 1027 pro
670 951 728 1010 illis
742 957 846 1010 contra
861 950 985 1021 inferna,
1004 967 1082 1028 quae
1096 955 1164 1011 vin-

272 1061 334 1127 cet,
368 1061 398 1113 et
417 1052 495 1129 quod
513 1055 675 1130 potentiam
694 1068 796 1110 eorum
819 1050 968 1125 destruet,
996 1069 1083 1111 νοτες
1107 1053 1161 1112 13.

279 1156 409 1214 1415.

189 1258 240 1314 11.
295 1256 374 1332 qrrod
391 1256 560 1315 illustrandi
578 1262 648 1314 tunc
667 1258 758 1332 quiin
774 1255 951 1331 ignorantia,
969 1270 1056 1314 vers:
1081 1257 1135 1314 16.

213 1357 242 1414 8.
295 1356 375 1433 quod
393 1358 444 1431 qui
461 1359 600 1433 propriae
619 1357 833 1432 intelligentiae
848 1362 878 1414 et
895 1358 938 1415 sic
953 1355 1038 1415 falsis
1057 1355 1160 1430 fidunt,

272 1455 419 1532 abigendi,
439 1472 523 1515 νοτες
547 1459 601 1513 17.

114 1560 141 1615 l.
169 1558 198 1614 8.
216 1560 246 1614 4.
300 1555 477 1616 describitur
498 1559 643 1633 patientia
674 1563 703 1615 et
729 1556 887 1616 tolerantia
910 1557 1044 1628 Domini,
1076 1572 1160 1616 vers:

277 1659 330 1717 18.
351 1659 405 1715 18.
425 1659 480 1716 20.
506 1664 535 1716 et
553 1674 671 1735 quoque
685 1658 804 1735 justitia
820 1657 930 1734 Ipsius,
950 1675 1036 1717 vers:
1060 1662 1116 1734 21,

188 1760 241 1817 ll.
295 1757 375 1835 quod
398 1757 440 1815 llli
464 1760 514 1835 qui
539 1760 577 1816 ab
603 1758 741 1817 Ecclesia
771 1764 842 1816 tunc
874 1758 1070 1835 spoliaverint
1093 1759 1160 1819 illos

271 1858 406 1919 omnibus
419 1862 507 1933 veris,
528 1865 557 1919 et
571 1859 650 1936 quod
668 1858 705 1917 ab
723 1858 770 1917 bis
785 1861 886 1922 aversi
899 1859 971 1918 sacti
988 1862 1055 1935 sint,
1075 1876 1159 1920 vers:

277 1964 332 2020 22.
352 1962 407 2019 23.
431 1964 486 2019 24.

161 2062 190 2118 9.
213 2064 243 2121 4.
297 2061 377 2140 quod
395 2062 460 2120 dira
478 2061 515 2119 ab
539 2061 598 2120 illis
621 2077 732 2138 passus
759 2064 811 2135 sit,
846 2067 875 2121 et
902 2060 981 2138 quod
997 2060 1050 2120 illa
1068 2061 1160 2119 susti·

273 2164 385 2235 nucrit,
408 2179 494 2221 νοτες
518 2164 573 2220 25.
748 2223 759 2229 ,

85 2246 89 2255 “
188 2266 240 2321 17.
295 2261 373 2340 Cap:
390 2261 507 2334 XLIII:
540 2262 587 2320 De
606 2262 789 2322 redemtione
808 2268 838 2321 et
856 2262 1024 2322 salvatione
1042 2261 1161 2320 illorum

271 2365 321 2440 qui
345 2381 360 2423 e
385 2380 464 2421 nova
481 2361 618 2421 Ecclesia
635 2380 654 2421 a
670 2362 814 2437 Domino,
834 2378 920 2422 νοτες
945 2367 974 2432 1,
1004 2363 1085 2439 quod
1102 2363 1161 2423 illis

273 2464 350 2524 salsa
369 2471 399 2524 ct
416 2463 495 2522 mala
512 2480 569 2522 non
588 2465 724 2522 nocitura
741 2466 815 2536 sint,
834 2479 920 2522 νοτες
941 2467 971 2522 2.

195 2569 247 2626 11.
301 2565 380 2643 quod
398 2565 437 2624 ad
453 2564 557 2641 Ipsum
576 2567 729 2625 accessuri
746 2565 805 2623 sint
823 2563 860 2622 ab
879 2564 1010 2641 undique
1029 2581 1066 2623 cx
1084 2567 1162 2624 omui

275 2684 401 2743 genere,
426 2681 511 2723 vers:
536 2665 606 2723 3ad
626 2667 656 2723 8.
1039 2652 1051 2676 '
1099 2646 1101 2649 ⁵

137 2767 192 2824 11.
213 2770 241 2824 1.
295 2765 374 2843 quod
388 2765 445 2823 hoc
459 2763 644 2840 praedictum
663 2767 710 2838 sit,
729 2781 814 2825 νοτες
837 2768 867 2825 9.
900 2766 980 2843 quod
992 2764 1064 2842 Ipse
1082 2765 1161 2824 idem

273 2868 323 2942 qui
341 2872 486 2924 venturus
502 2868 562 2938 est,
581 2860 774 2942 praedixerit,
792 2883 879 2926 vers:
902 2869 950 2948 10,
961 2865 1000 2925 ad
1016 2867 1071 2924 13.

213 2967 242 3025 3.
296 2965 375 3042 quod
393 2964 600 3025 destructurus
615 2983 717 3025 omnes
732 2969 783 3044 qui
796 2966 967 3027 adulterant
980 2971 1011 3028 et
1027 2965 1161 3043 propha-

271 3072 342 3125 nant
359 3066 439 3125 bona
457 3072 487 3125 et
504 3083 577 3126 vcra
594 3066 758 3143 Ecclesiae,
779 3084 864 3127 vers:
888 3069 943 3126 14.

167 3171 196 3225 1.
218 3169 249 3226 8.
303 3167 382 3243 quod
399 3161 470 3242 Ipse
489 3168 562 3239 erit,
589 3184 673 3228 vers:
697 3169 752 3228 15.
789 3171 840 3244 qui
857 3169 957 3227 salvat
973 3183 1044 3227 suos
1059 3173 1090 3226 et
1108 3167 1161 3227 de-

226 3243 239 3272 ⁰
272 3269 361 3327 struit
378 3284 494 3326 omnem
512 3270 676 3343 potentiam
689 3268 809 3342 Inferni,
829 3285 915 3328 vers:
942 3271 997 3329 16.
1021 3270 1076 3328 17.

190 3373 242 3429 11.
297 3368 377 3446 quod
400 3367 437 3426 ab
462 3367 533 3444 Ipso
557 3385 668 3426 novum
695 3367 849 3446 [coelum]
867 3385 911 3427 ac
928 3386 1008 3428 nova
1024 3368 1163 3429 Ecclesia

274 3488 311 3531 ex
327 3469 453 3546 illisqui
470 3485 594 3547 prorsus
607 3486 666 3526 non
682 3471 711 3527 in
728 3470 809 3528 veris
825 3471 911 3544 prius
924 3470 1052 3544 suerunt,
1073 3485 1160 3530 νοτες

274 3571 317 3628 18
335 3570 373 3627 ad
387 3573 444 3627 21.

209 3673 240 3728 4.
295 3666 382 3742 Quod
398 3669 466 3743 ipsa
481 3670 620 3729 Ecclesia
637 3685 696 3727 uon
715 3670 840 3729 coluerit
857 3663 977 3745 Ipsum,
1009 3669 1064 3729 sed
1089 3668 1160 3728 fati-

269 3769 407 3844 gaverint
424 3762 526 3842 Ipsum
543 3787 600 3846 per
616 3775 751 3844 peccata,
778 3785 856 3846 quac
879 3770 1046 3844 sustinens,
1076 3775 1106 3828 et
1123 3769 1161 3828 ab

272 3867 355 3927 initio
374 3872 404 3924 et
421 3873 537 3942 postea,
556 3883 644 3926 νοτες
666 3871 709 3927 22
726 3868 764 3927 ad
779 3872 835 3927 27.
954 3906 966 3925 .

210 3970 240 4028 3.
295 3971 479 4043 quapropter
496 3966 578 4027 illam
590 3983 716 4043 prorsus
734 3969 901 4046 rejecturus
921 3972 976 4043 est,
997 3984 1083 4028 vers:
1105 3970 1162 4028 28.

35 4088 41 4097 ·
71 4078 75 4084 '
132 4071 240 4129 1.11.
294 4065 404 4144 [Capt]
430 4065 543 4126 XLIV.
583 4066 631 4124 De
660 4066 719 4126 illis
749 4070 801 4144 qui
831 4069 960 4144 agnituri
986 4069 1160 4140 Dominum,

206 4249 208 4253 Ι
227 4205 230 4209 -
268 4165 353 4244 quod·
365 4168 518 4243 accepturi
535 4169 595 4226 sint
613 4164 756 4241 Spiritum
774 4172 1028 4242 sanctum,·vers:
1051 4167 1157 4227 lad4.
