2528 4808
335 319 470 374 EZEGH:
492 320 572 378 CAP.
594 319 695 384 XXIV,
719 331 736 382 6
760 320 895 387 -xxw,
918 331 964 383 12.
1149 335 1182 386 61

174 478 256 555 quod
273 495 415 554 spurcum
430 477 489 536 illis
511 495 548 536 ex
564 478 782 539 adulteratione
797 485 827 538 et
843 480 1017 556 prophana·
1056 486 1089 541 2.

121 583 204 638 tione
218 580 283 637 veri
301 584 331 637 et
348 578 431 651 boni,
450 593 537 637 vers:
561 581 579 636 6
598 578 637 637 ad
653 580 682 637 8.
1108 664 1111 670 ¹

175 678 254 755 quod
284 695 303 736 a
328 678 456 736 Domino
479 680 559 736 omni
589 695 682 754 opera
704 678 873 738 laboratum
897 683 950 755 sit,
986 688 1019 739 ut
1056 684 1086 740 2.

122 778 377 853 meliorescerent,
397 794 483 836 vers:
507 780 524 835 9
541 778 580 835 ad
597 782 650 836 12.
680 780 734 838 sed
753 796 812 838 nou
829 783 927 855 potuit
943 780 1018 850 fieri,

122 896 209 944 vers:
239 880 294 937 13.
784 934 786 939 ,

177 995 270 1054 quare
288 980 423 1037 morituri
441 982 558 1037 suntin
576 979 741 1055 prophanis
759 980 832 1053 suis,
854 996 940 1038 vers:
964 983 1018 1039 14.
1058 979 1088 1041 3.

123 1078 204 1155 quod
221 1078 280 1136 illis
301 1078 470 1137 auferretur
488 1096 575 1138 omne
593 1079 762 1152 Ecclesiae,
795 1086 942 1139 ettamen
959 1096 1017 1138 nou

119 1177 217 1239 dolor,
228 1181 284 1237 erit
302 1195 395 1254 super
412 1179 451 1252 id,
471 1195 558 1237 vers:
583 1180 623 1238 15
641 1178 679 1236 ad
697 1182 750 1237 17.

177 1279 258 1355 quod
272 1277 328 1337 hoc
341 1278 393 1337 fiet
405 1295 472 1336 cum
479 1279 625 1338 Dominus
636 1281 667 1338 in
680 1279 822 1337 muudum
831 1281 921 1354 venit,
931 1296 1011 1339 vers:
1052 1284 1081 1340 1.
1102 1284 1131 1341 3.

127 1381 182 1438 18.
203 1381 256 1437 19.
294 1377 373 1453 quod
392 1385 462 1436 tunc
483 1378 618 1438 destruet
635 1396 721 1437 omne
740 1378 837 1438 cultus
855 1380 1014 1439 11110οΕ0-

113 1478 249 1554 ‚clesiae,
270 1485 371 1538 etuon
388 1477 472 1537 dolor
496 1494 588 1555 super
604 1478 648 1551 id,
675 1495 758 1538 vers:
788 1483 830 1537 21
846 1479 885 1538 ad
898 1483 953 1540 23.

174 1579 255 1656 quod
272 1596 340 1638 cum
353 1579 499 1638 Dominus
510 1580 600 1654 veuit,
615 1578 792 1638 informandi
805 1582 880 1654 siut,
901 1582 952 1656 qui
969 1580 1007 1638 ad
1046 1582 1076 1639 1.
1101 1583 1154 1639 11.

121 1696 232 1740 novam
245 1678 414 1738 Ecclesiam
432 1679 632 1749 adducentur,
659 1695 742 1737 vers:
771 1683 815 1738 24
830 1679 868 1739 ad
884 1684 938 1738 21.
1046 1683 1101 1739 11.

174 1778 254 1856 Gap:
280 1779 382 1839 XXV.
419 1779 530 1838 Contra
557 1779 625 1838 illos
653 1781 705 1856 qui
730 1782 760 1838 in
787 1796 879 1839 sensu
908 1779 1014 1840 literae
1051 1784 1082 1838 2.

121 1879 217 1939 Verbi
244 1885 326 1955 suut,
357 1896 392 1938 ac
417 1885 594 1956 pervertunt
616 1896 689 1941 vera
713 1879 864 1956 religionis
883 1897 938 1955 per
961 1881 1015 1940 illa

122 1997 200 2056 quae
224 1999 283 2040 non
300 1980 466 2056 religionis,
499 1981 550 2054 qni
567 1985 638 2038 suut
654 1978 707 2037 filii
725 1979 893 2048 Ammonis,
927 1997 1012 2038 vers:

125 2083 156 2143 i.
186 2084 216 2139 2.

173 2187 298 2258 propter
325 2180 404 2256 quod
430 2180 573 2238 mirentur
599 2179 680 2255 quod
701 2159 841 2238 Ecclesia
863 2179 1016 2238 destructa
1053 2183 1083 2238 2.

118 2283 178 2351 sit,
195 2279 276 2358 quod
288 2297 347 2338 non
360 2281 465 2338 scituri
482 2282 541 2338 sint
553 2297 636 2348 vera,
655 2296 742 2339 vers:
762 2281 792 2338 3.
810 2282 841 2336 4.
862 2281 889 2338 5.

172 2379 393 2458 propterquod
412 2378 516 2438 laetati
534 2381 593 2438 sint
612 2396 706 2456 super
722 2379 767 2452 id,
787 2379 867 2454 quod
883 2396 1010 2455 perver-
1050 2384 1080 2438 2.

121 2486 283 2550 tenerem,
304 2496 390 2538 vers:
413 2481 443 2537 6.
465 2484 493 2537 7.

174 2581 272 2640 adhuc
301 2581 396 2656 magis
428 2595 496 2638 cum
518 2584 708 2654 .pervert1mt
742 2576 822 2637 bona
850 2578 1015 2653 Ecclesiae,
1053 2583 1084 2638 2.

121 2697 207 2741 vers:
234 2681 378 2740 sadll.

175 2781 212 2840 de
229 2781 289 2840 illis
308 2782 360 2856 qui
378 2786 534 2839 externum
552 2778 646 2839 Verbi
663 2785 694 2837 et
712 2778 864 2837 doctrinae
884 2777 1005 2838 destru·
1043 2782 1074 2839 3.
1098 2782 1151 2842 15.

121 2887 192 2950 unt,
223 2881 302 2958 quod
319 2880 363 2938 illi
381 2896 499 2956 quoque
518 2879 556 2938 ob
574 2880 700 2939 similem
718 2895 840 2938 causam
857 2879 1011 2956 rejiciendi

120 2983 289 3052 sintvers:
314 2979 484 3038 1201114.
573 3001 577 3005 ’

174 3081 211 3141 (10
230 3081 437 3140 devastatione
454 3079 589 3154 illorum,
621 3095 656 3138 ac
680 3078 717 3137 de
741 3080 863 3137 interitu
886 3077 1005 3136 illorum
1043 3079 1073 3138 3.
1098 3079 1151 3138 15.

112 3181 170 3240 die
184 3181 305 3257 judicii,
334 3181 384 3256 qui
401 3196 456 3255 per
473 3179 551 3238 salsa
568 3178 638 3238 fidei
656 3178 814 3237 devastant
833 3177 1008 3253 Ecclesiam,

121 3298 207 3340 vers:
232 3282 273 3340 15
290 3279 400 3338 adli.

173 3379 251 3458 Cap:
269 3378 386 3439 XXVI.
413 3379 460 3439 De
474 3378 612 3438 Ecclesia
626 3377 725 3454 quoad
740 3378 923 3453 cognitiones
937 3378 1010 3450 veri,
1050 3380 1081 3458 2.

121 3498 199 3556 quae
231 3480 347 3556 Tyrus:
379 3479 458 3556 quod
488 3486 593 3554 putent
620 3479 719 3535 omnia
747 3475 903 3533 Ecclesiae
935 3489 1008 3533 cou-

120 3583 229 3641 sistere
246 3581 276 3638 iu
295 3578 520 3655 cognitionibus,
548 3593 634 3636 vers:
658 3579 687 3634 1.
704 3578 734 3632 2.

172 3679 253 3757 quod
269 3697 324 3756 per
340 3679 372 3737 id
388 3679 546 3750 falsitates,
566 3694 643 3753 quae
662 3675 815 3734 doctrinae
833 3672 939 3732 ultima
956 3672 1011 3734 de·
1049 3678 1079 3735 2,

119 3785 251 3855 struent,
283 3795 369 3838 vers:
392 3780 422 3838 3.
444 3781 475 3836 4.
513 3777 593 3854 quod
610 3774 774 3836 scientifica
797 3774 924 3851 perdant
947 3774 1010 3845 illa,

119 3886 151 3938 et
169 3896 288 3957 quoque
306 3878 434 3955 perdant
451 3877 623 3937 affectiones
642 3877 715 3951 veri,
742 3892 828 3936 vers:
852 3875 880 3934 5.
902 3877 932 3932 6.

171 3979 252 4057 quod
268 3980 356 4056 copia
372 3978 591 4037 ratiociniorum
611 3993 649 4036 ex
672 3975 801 4034 naturali
818 3975 938 4034 homine
955 3973 1010 4033 de·
1050 3978 1079 4034 2.

120 4085 218 4139 struet
230 4080 329 4139 omnia
342 4095 422 4153 vera,
439 4077 549 4138 atinde
563 4079 685 4154 propria
696 4075 901 4152 intelligentia,
921 4089 1007 4133 vers:

124 4179 265 4238 101112.
