2528 4808
136 327 171 377 76
397 315 528 371 HOSCH:
550 317 628 371 CAP.
648 316 694 381 VI,
718 325 751 377 11
776 317 847 382 -X,
873 327 915 377 15.

189 475 278 555 [11.]
332 476 451 552 quando
470 492 549 532 nova
565 474 711 547 Ecclesia,
730 490 815 532 vers:
840 477 894 532 li.

241 578 272 639 3.
326 576 408 652 Cap:
428 575 505 634 VII:
534 574 622 650 Quod
639 577 840 650 perverterint
855 576 953 633 omnia
967 591 1043 633 vera
1055 575 1151 636 Verbi
1164 586 1192 637 et

302 677 463 750 doctrinae,
482 692 567 734 vers:
590 678 604 732 1
626 675 664 733 ad
681 675 709 749 5,

243 781 274 839 3.
328 777 408 854 quod
420 777 620 852 perverterint
632 775 685 833 illa
698 791 753 850 per
767 791 883 853 arnores
898 776 1002 852 malos,
1018 795 1099 837 vers:
1122 781 1140 836 6
1157 779 1193 836 ad

305 881 359 937 10.
389 883 418 935 ot
436 894 491 952 per
505 876 648 934 naturalis
662 868 789 934 hominis
803 875 982 952 scientifica,
998 895 1086 937 vers:
1112 883 1163 938 ll.

225 982 270 1054 ,3.
325 978 404 1055 quod
421 977 488 1035 idco
507 994 566 1034 nou
589 979 706 1052 possint
726 976 843 1051 reduci,
871 979 995 1052 quiairr
1007 978 1093 1038 falsis
1112 987 1188 1049 suut,

300 1095 385 1138 vers:
409 1077 574 1135 12ad16.
864 1056 869 1067 ¹

239 1183 268 1239 3.
323 1178 403 1254 Cap:
427 1176 512 1236 VIII.
553 1177 641 1253 Quod
669 1180 870 1254 perverterint
892 1177 1077 1251 Ecclesiam,
1111 1181 1190 1256 quod

301 1281 379 1339 bona
398 1285 427 1338 et
449 1296 523 1336 vera
544 1279 608 1355 ejus
627 1282 771 1337 verterint
788 1280 819 1335 in
838 1278 917 1336 mala
940 1285 969 1337 et
987 1279 1077 1353 falsa,
1107 1298 1190 1339 vors:

303 1380 375 1438 lad
393 1385 421 1453 7,

239 1484 269 1540 3.
325 1480 403 1556 quod
428 1498 483 1556 per
509 1479 664 1537 ratiocinia
694 1495 730 1538 ex
755 1479 885 1537 naturali
912 1479 1031 1540 homine
1056 1483 1192 1540 exuerint

300 1597 386 1639 omne
399 1580 564 1653 Ecclesiae,
583 1596 666 1640 vers:
689 1582 706 1637 8
723 1579 762 1637 ad
776 1584 790 1637 l
802 1582 830 1654 1,
899 1655 902 1665 Ι

238 1683 268 1740 3.
322 1688 351 1739 ot
370 1698 487 1756 quoquo
507 1697 592 1738 omno
611 1679 710 1738 cultus
727 1679 901 1751 Ecclesiae,
926 1697 1021 1758 quare
1039 1698 1098 1738 non
1116 1697 1190 1757 pos-

299 1781 369 1839 sunt
386 1798 446 1839 non
463 1782 572 1856 perire,
592 1796 676 1838 vers:
700 1784 741 1837 12
759 1780 797 1855 ad
817 1782 871 1839 14.

240 1883 269 1941 3.
325 1880 403 1957 Cap:
422 1881 478 1939 IX.
499 1879 587 1954 Quod
601 1879 825 1938 falsificaverint
833 1898 907 1939 vera
918 1881 1083 1953 Ecclesiae,
1097 1898 1189 1957 quare

304 1981 440 2040 Ecclesia
463 1981 620 2056 deperdita
645 1986 703 2053 est,
738 1985 768 2038 et
793 1987 879 2039 erunt
901 1980 1070 2051 naturales,
1093 1981 1190 2040 solum

298 2085 328 2140 ln
345 2084 509 2140 ratiociniis
529 2098 566 2139 ex
579 2079 708 2139 naturali
725 2079 853 2155 homine,
873 2098 959 2140 vers:
981 2085 996 2139 1
1015 2081 1053 2139 ad
1068 2082 1098 2140 3.

241 2184 272 2243 3.
327 2182 406 2258 quod
423 2181 491 2238 inde
510 2180 609 2238 nullus
629 2180 726 2238 cultus
743 2179 886 2250 Divinus,
903 2198 987 2240 vers:
1008 2184 1039 2240 4.
1058 2183 1087 2240 5.

239 2285 268 2342 3.
323 2282 402 2358 quod
421 2298 506 2340 omne
524 2298 628 2338 verum
652 2286 682 2338 et
701 2279 812 2338 bonurn
830 2287 965 2340 vertatur
982 2284 1013 2339 iu
1030 2282 1140 2340 salsum
1160 2290 1189 2341 ct

297 2382 419 2452 malum,
439 2397 521 2440 vers:
545 2383 573 2439 6.

102 2460 110 2477 ”
174 2482 272 2560 ,[3].
325 2484 405 2559 quod
424 2482 470 2540 die
485 2481 591 2558 judicii
607 2484 734 2558 perituri
751 2484 818 2556 sint,
838 2499 924 2541 vers:
948 2482 1020 2540 lad
1037 2484 1067 2540 9.

238 2586 267 2642 3.
321 2584 400 2659 quod
417 2582 495 2642 tales
515 2584 605 2640 etiam
623 2583 733 2641 fuerint
750 2584 838 2658 primi
856 2600 975 2651 eorum,
1002 2599 1061 2641 non
1080 2583 1187 2659 aliquis

297 2683 467 2742 intellectus
483 2685 548 2740 veri
560 2683 629 2758 illis,
649 2685 692 2741 ita
706 2685 794 2741 etiarn
808 2685 923 2758 posteri
937 2700 1049 2753 eorum,
1067 2685 1188 2742 tametsi

297 2784 442 2856 instructI,
462 2797 547 2840 vers:
574 2785 615 2840 10
631 2782 670 2840 ad
686 2785 740 2841 13.

236 2886 265 2942 3.
319 2882 399 2957 quod
423 2883 528 2941 horum
555 2885 669 2957 posteri
693 2900 753 2941 non
777 2884 895 2958 possint
924 2883 1086 2942 nortales
1112 2881 1185 2957 fieri,

296 2999 382 3040 vers:
405 2986 448 3041 14
466 2982 504 3040 ad
521 2985 575 3040 ll.

237 3085 267 3142 3.
322 3081 400 3158 Cap:
420 3083 460 3142 X.
481 3082 561 3158 quod
574 3082 712 3141 Ecclesia
723 3084 822 3159 quoad
834 3101 907 3144 vera
920 3083 1089 3156 devastata,
1101 3084 1185 3141 simi·

298 3183 357 3240 lem
382 3185 410 3241 ei
434 3183 548 3241 cultum
571 3182 698 3254 habeat,
731 3182 865 3244 dicentes
893 3183 973 3260 quod
990 3183 1050 3242 illis
1070 3201 1184 3257 verum,

294 3299 382 3342 vers:
407 3283 478 3341 lad
495 3286 524 3342 3.

235 3387 266 3444 3.
321 3384 401 3461 quod
419 3402 457 3444 cx
475 3373 564 3443 corde
582 3383 674 3441 aliurn
687 3382 787 3441 Deum
805 3383 913 3458 colant,
932 3400 1017 3442 vers:
1038 3387 1070 3442 4.
1088 3384 1118 3443 5.

211 3485 273 3563 [3.]
328 3485 407 3562 quod
424 3486 629 3543 ratiocinaturi
648 3489 751 3543 contra
764 3501 845 3558 vera,
865 3500 952 3543 vers:
975 3485 1005 3541 6.

162 3588 192 3646 3.
216 3587 270 3645 15.
324 3586 403 3662 quod
420 3586 450 3644 in
468 3586 632 3657 infernum,
652 3583 704 3641 ubi
721 3583 789 3657 tale,
811 3583 988 3660 conjicIendi
1004 3585 1079 3658 sint,
1099 3599 1185 3642 vers:

299 3691 327 3742 7.
351 3687 380 3742 8.
417 3684 495 3760 quod
520 3684 600 3742 mala
619 3700 735 3759 poenae
760 3683 836 3754 illis,
868 3685 922 3744 sed
946 3684 1071 3753 frustra,
1098 3699 1185 3742 vers:

298 3785 406 3841 310.
649 3863 652 3868 ι

233 3888 263 3942 2.
318 3881 397 3958 quod
426 3882 524 3941 edocti
550 3886 663 3942 sintin
687 3884 767 3942 veris
787 3888 817 3941 et
842 3882 943 3959 bonis,
977 3890 1007 3942 et
1032 3883 1183 3957 admoniti,

293 3999 378 4040 vers:
404 3984 532 4040 11.1a.

232 4087 260 4145 2.
315 4081 369 4141 sed
395 4081 473 4157 quod
502 4099 598 4158 usque
625 4085 810 4159 perstiterint
840 4086 870 4142 in
895 4084 978 4142 falsis
1003 4083 1088 4158 mali,
1116 4081 1185 4141 inde

296 4199 397 4253 corum
415 4184 552 4242 interitus
572 4183 619 4242 die
633 4183 752 4260 judicil,
779 4201 863 4243 vers:
887 4186 929 4244 13
948 4183 985 4242 ad
1005 4183 1058 4242 15.
