2528 4808
135 324 187 375 166
399 312 532 368 PSALM:
554 311 652 378 LXIII,
676 321 709 372 12
733 311 868 378 -LXIX‚
891 322 918 373 6.

137 478 191 532 11.
214 474 267 533 15.
320 472 401 549 qnod
423 480 493 532 tunc
520 490 538 530 a
560 473 689 531 Domino
711 472 811 547 salus,
846 478 876 531 et
892 473 1016 549 rejectio
1035 474 1191 549 malorum,

299 590 382 632 vers:
408 577 461 631 11.

237 678 267 732 1.
321 673 376 731 Ps:
398 673 508 732 LXIV.
538 673 574 731 dc
592 672 781 734 insidiatione
799 674 945 733 malorum
964 681 1069 733 contra
1087 674 1193 734 Domi-

297 791 377 847 num,
397 791 480 832 vers:
504 778 516 832 l
537 773 619 832 167.
646 773 726 849 quod
740 775 783 833 illi
796 777 929 850 perituri,
950 791 1036 834 vers:
1065 778 1095 834 8.
1113 779 1144 835 9.

214 879 267 933 11.
320 874 399 950 quod
416 877 459 932 sic
477 875 547 933 boni
565 873 710 948 salvandi,
729 892 815 934 vers:
838 878 893 934 10.
911 879 965 934 11.

138 979 192 1035 16.
216 979 270 1036 11.
324 975 383 1033 Ps:
402 973 497 1034 LXV.
532 973 620 1050 Quod
639 992 676 1032 11
695 977 827 1035 unitione
844 976 947 1034 Diviui
966 983 995 1035 ct
1013 976 1147 1035 Humani
1163 980 1193 1036 in

298 1074 427 1135 Domino
445 1076 591 1149 Ecclesia,
612 1091 689 1150 quae
708 1077 737 1132 in
755 1079 835 1136 omni
852 1094 925 1135 vero
944 1095 963 1135 a
979 1077 1109 1135 Domino
1129 1081 1191 1152 erit,

301 1193 335 1236 ae
353 1183 419 1242 tuta
433 1177 471 1234 ab
489 1177 678 1236 intestatione
698 1193 735 1235 ex
748 1177 841 1251 salsis,
861 1194 945 1236 vers:
969 1180 982 1235 1
1002 1178 1041 1235 16
1060 1182 1114 1236 14.

138 1277 192 1332 11.
218 1278 272 1334 16.
327 1277 384 1336 Ps:
412 1277 523 1336 LXVI.
566 1274 715 1335 Gaudium
741 1277 821 1352 quod
843 1295 922 1336 nova
948 1277 1087 1336 Ecclesia
1115 1297 1192 1354 quac

299 1377 373 1437 fidet
390 1377 534 1448 Domino,
566 1392 651 1435 vers:
687 1377 757 1436 lad
775 1379 803 1449 5,
841 1380 892 1453 qui
912 1377 1046 1436 servabit
1069 1379 1193 1437 Illama

298 1478 393 1554 malis,
414 1495 498 1538 vers:
522 1480 551 1536 6.
570 1483 597 1535 7.

215 1576 269 1634 10.
324 1579 403 1654 quod
426 1579 573 1638 Dominus
596 1595 651 1654 per
674 1582 855 1639 tentationes
882 1573 991 1654 gra‘ves
1025 1581 1127 1638 unitus
1153 1581 1192 1638 sit

296 1678 405 1736 Divino
419 1696 489 1752 suo,
513 1695 597 1737 vers:
620 1681 638 1737 8
657 1679 695 1736 ad
715 1684 768 1738 12.

214 1779 267 1835 16.
322 1778 402 1854 quod
419 1781 462 1837 sle
481 1780 622 1837 Divinum
643 1797 746 1838 verum
765 1798 782 1838 a
800 1781 927 1840 Domino
946 1781 1028 1856 apud
1045 1781 1190 1854 homiues

298 1895 384 1938 vers:
415 1881 458 1938 13
475 1879 513 1938 16
531 1883 585 1938 17.
620 1880 699 1956 quod
716 1898 772 1956 per
796 1884 996 1958 integritatem
1014 1881 1116 1957 Ipsius
1135 1881 1192 1940 hoc

296 1978 407 2038 iactum
426 1983 473 2055 sit,
496 1997 576 2040 vers:
601 1982 655 2038 19.
675 1984 729 2039 20.

137 2075 191 2133 ll.
215 2077 268 2136 12.
321 2081 376 2140 Ps:
400 2081 526 2140 LXVII.
561 2081 648 2156 Quod
668 2084 809 2140 universa
832 2083 971 2142 Ecclesia
994 2090 1139 2158 agnoscet
1162 2087 1192 2141 et

298 2180 376 2239 colet
393 2182 554 2240 Dominum
573 2199 610 2240 ex
628 2182 736 2258 gaudio
758 2183 870 2258 111611,
902 2199 986 2242 vers:
1016 2187 1030 2240 1
1049 2183 1088 2240 ad
1107 2185 1136 2241 6.
1160 2185 1190 2241 8.

299 2281 378 2356 quod
395 2282 454 2340 Illis
474 2299 560 2340 omne
578 2282 750 2351 Ecclesiae,
768 2300 853 2341 vers:
877 2289 906 2341 7.

236 2378 266 2434 8.
320 2381 376 2440 Ps:
396 2382 537 2442 LXVIII.
574 2381 662 2458 Quod
674 2384 791 2441 interna
808 2384 969 2461 subjugata
988 2390 1086 2454 erunt,
1105 2400 1189 2443 vers:

300 2483 373 2541 lad
389 2486 419 2543 3.
839 2492 847 2511 ⁰

213 2581 268 2638 11.
321 2585 401 2658 quod
417 2585 461 2642 illi
481 2586 579 2660 quiin
597 2583 674 2642 bono
690 2592 854 2658 agnoscent
870 2585 1044 2654 Dominum,
1073 2587 1124 2660 qui
1141 2587 1191 2660 ip-

296 2699 363 2741 sum
381 2683 524 2743 Divinum
546 2683 671 2758 Verumj
688 2700 772 2742 vers:
800 2688 820 2742 4
840 2685 923 2743 166.
946 2687 1001 2744 32.
1024 2685 1104 2760 quod
1121 2684 1191 2744 illo-

210 2780 263 2837 11.
294 2801 360 2840 rum
381 2784 476 2842 tutela
499 2786 567 2857 ortt,
596 2800 682 2842 vers:
707 2775 735 2842 6.
760 2789 789 2845 7.
827 2785 907 2862 quod
932 2792 1093 2862 regeneret
1113 2785 1193 2856 illos,

296 2899 381 2942 vers:
405 2883 478 2941 816
496 2887 550 2940 12.

236 2982 265 3039 3.
321 2983 402 3058 quod
419 2983 558 3060 reliquis,
577 2988 698 3044 tametsi
715 2985 849 3044 Verbum
868 2986 945 3059 11111,
957 3003 1017 3044 111
1034 2987 1086 3056 ita,
1104 3001 1190 3044 vers:

300 3085 342 3142 13
359 3084 398 3141 ad
417 3085 471 3142 15.

136 3177 190 3235 11.
215 3181 268 3239 17.
320 3183 356 3242 61
375 3184 513 3243 Ecclesia
531 3185 700 3261 aDmntno,
720 3204 739 3243 a
754 3204 812 3261 quo
828 3178 913 3246 omne
928 3186 1092 3256 doctrinae,
1105 3202 1190 3245 vers:

300 3285 395 3343 1616
415 3287 467 3343 18.
505 3286 584 3361 quod
602 3289 745 3363 eripuerit
762 3287 830 3345 illos
850 3304 866 3345 1
892 3305 981 3344 manu
999 3286 1192 3361 infernorum,

295 3402 380 3444 vers:
406 3389 446 3445 19
465 3387 503 3444 16
518 3390 573 3444 24.

211 3482 263 3538 16.
317 3486 478 3546 celebratio
492 3487 613 3545 Domtni
626 3494 797 3562 propterea,
818 3503 902 3546 vers:
927 3487 1091 3547 151631.
1112 3486 1192 3564 quod

295 3588 438 3645 naturalis
457 3586 545 3645 homo
565 3586 740 3661 domabitur,
759 3603 850 3645 vers:
880 3588 934 3646 31.
1134 3667 1137 3672 1

123 3675 187 3767 110.
213 3681 265 3737 16.
320 3687 482 3746 celebratio
501 3687 657 3746 Potentiae
675 3688 802 3746 DIVInae
822 3688 943 3746 Domini
966 3705 1023 3763 per
1042 3690 1191 3758 unionem,

296 3801 381 3842 vers:
405 3785 574 3846 331636.

235 3880 264 3936 6.
318 3883 373 3942 Ps:
393 3884 504 3944 LXLX.
539 3885 663 3961 Pugnae
685 3889 881 3946 tentationum
899 3887 1021 3946 Domini
1039 3904 1135 3964 usque
1154 3885 1191 3944 ad

295 3982 542 4060 desperationem,
562 4002 647 4043 vers:
671 3990 685 4050 l
704 3987 742 4045 ad
760 3988 789 4046 5.
818 4005 914 4063 usquo
929 3995 962 4047 ut
975 3987 1119 4048 recedere
1138 4003 1189 4046 co·

294 4086 417 4160 gitaret,
435 4101 520 4144 vers:
544 4088 574 4143 6.

234 4185 263 4240 6,
318 4185 373 4244 sed
393 4185 471 4263 quod
492 4192 615 4264 propter
639 4187 707 4248 illos
734 4191 784 4264 qui
813 4180 942 4248 salutem
967 4193 1188 4268 exspectarunt,
