2528 4808
345 339 478 395 JEREM:
500 341 579 433 0111).
600 343 671 410 XLI,
694 353 709 404 1
733 344 865 411 -XLVI,
889 355 915 406 1.

107 499 183 559 lad
199 500 231 558 3.
274 506 304 558 et
325 499 395 559 inde
427 499 587 560 abolitione
615 501 728 578 cultus,
759 521 844 564 vers:
876 507 994 584 4117.

102 607 229 679 praeter
248 599 368 676 aliquid,
388 618 476 660 vers:
500 603 530 660 8.

155 719 214 779 per
232 701 310 759 laisa
327 701 410 771 fidei,
441 719 527 761 vers:
551 705 581 761 9.
621 710 650 762 et
677 723 732 780 per
762 706 998 769 falsificationenr
1035 712 1065 767 2.

102 806 177 878 veri,
198 819 286 861 vers:
311 804 364 861 10.

154 904 213 964 sed
242 903 339 963 adhue
365 905 527 981 reliquiae,
559 923 642 965 vers:
678 908 847 983 111115,
876 928 1001 987 quarum
1038 914 1068 969 2.

103 1005 257 1084 quaedam
275 1023 330 1080 per
347 1006 510 1065 scientifica
527 1008 671 1066 naturalis
690 1007 818 1069 honrinis
836 1019 993 1087 perverte-

103 1108 224 1179 bantur,
243 1123 329 1164 vers:
352 1107 520 1166 161118.

69 1253 71 1257 >
160 1206 237 1284 Gap:
256 1206 355 1266 XLII.
385 1208 463 1283 quod
481 1208 625 1286 reliquiae
645 1226 699 1269 scu
719 1211 841 1270 residua
859 1212 997 1272 consule·
1031 1218 1066 1271 2.
1089 1179 1103 1247 ¹·

116 1314 181 1369 rent
195 1308 366 1378 doctrinam,
393 1325 478 1367 vers:
502 1313 516 1367 l
536 1310 573 1368 ad
590 1313 619 1368 6.

164 1408 215 1469 sei
232 1408 346 1467 dictum
364 1408 423 1468 illis
442 1412 467 1468 si
484 1418 638 1470 manerent
654 1415 685 1471 in
702 1430 757 1472 suo
776 1414 858 1474 cultu
876 1422 999 1474 externo
1037 1419 1066 1475 2.

114 1510 298 1586 simplicIter,
330 1516 360 1568 et
377 1529 435 1569 non
455 1512 644 1572 consulerent
664 1515 827 1574 scientifica
850 1516 994 1575 naturalis
1050 1501 1052 1506 ⁵

104 1611 248 1681 Ironrinis,
286 1610 487 1688 salvarentur,
521 1616 546 1672 si
571 1615 761 1675 consulerent
785 1617 851 1692 illa,
886 1620 999 1694 periret
1035 1622 1066 1676 2.

104 1728 189 1772 omne
207 1729 317 1770 verum
336 1717 366 1770 et
381 1713 491 1771 bonnm
506 1714 612 1786 cultus,
629 1734 714 1776 vers:
738 1723 753 1776 7
772 1717 811 1776 ad
826 1722 882 1778 22.
1041 1754 1044 1758 -

151 1813 241 1890 Cap:
259 1812 380 1871 XLIII:
408 1815 537 1873 sednon
556 1816 744 1892 factumest,
767 1836 852 1878 vers:
877 1824 890 1878 1
914 1819 952 1879 ad
966 1824 997 1878 4.
1036 1825 1066 1879 2.

150 1913 372 1975 consuluerunt
390 1916 552 1974 scientifica
575 1918 718 1976 naturalis
742 1919 880 1995 hominis,
908 1938 993 1982 vers:
1032 1926 1062 1980 2.

109 2017 230 2078 1111.
970 2059 976 2072 ·

152 2118 236 2196 quod
254 2119 299 2175 sic
317 2119 442 2193 perituri
466 2135 521 2194 per
546 2120 700 2177 ratiocinia
722 2137 759 2178 cx
781 2120 855 2195 illis,
885 2129 914 2180 et
931 2122 998 2199 ipsa
1035 2128 1064 2183 2.

106 2219 270 2280 scientifica
287 2224 531 2296 perverterentur
548 2238 604 2298 per
621 2220 852 2297 applicationem
871 2222 909 2281 ad
932 2223 990 2283 ial-

106 2338 146 2397 sa,
165 2337 254 2380 vers:
277 2319 350 2377 8ad
367 2321 420 2378 13.

154 2421 237 2499 Cap:
260 2420 372 2480 XLIV.
419 2421 506 2496 Quod
534 2423 688 2482 Ecclesiae
716 2422 841 2481 multum
873 2427 995 2498 perierit
1032 2429 1062 2486 3.

108 2540 160 2601 per
178 2525 380 2583 recessionem
396 2539 414 2578 a
430 2521 557 2582 Domino
577 2530 606 2582 et
622 2541 678 2600 per
694 2523 771 2581 falsa
788 2525 881 2581 omnis
898 2541 991 2600 gene-

108 2627 155 2703 ris,
174 2624 357 2685 verszlad
375 2625 403 2681 6.

157 2726 237 2803 quod
252 2743 330 2784 nune
340 2708 437 2801 p'aene
450 2726 549 2782 omnia
560 2726 681 2784 residua
693 2732 819 2801 pereant
831 2743 886 2802 per
899 2728 998 2786 scien·
1031 2731 1062 2789 3.

111 2827 187 2888 titica
205 2826 349 2885 naturalis
367 2827 504 2895 hominis,
521 2844 576 2886 nee
590 2828 736 2886 desistant
756 2845 794 2887 ex
812 2829 915 2888 timore
935 2845 989 2889 ex-

111 2929 159 3004 itii,
177 2945 262 2987 vers:
286 2934 301 2986 i
323 2927 361 2986 ad
379 2929 433 2985 10.

159 3053 229 3127 quia
244 3050 297 3108 illa
315 3049 486 3123 consulunt,
507 3052 596 3109 etsie
615 3053 666 3108 vix
682 3050 835 3108 residuum
854 3050 991 3126 amplius,
1029 3056 1058 3113 3.

112 3168 194 3211 vers:
229 3154 268 3210 11
287 3150 325 3209 ad
342 3154 396 3208 14.
436 3150 514 3225 quod
540 3150 723 3210 obstinerent
746 3168 778 3210 se
804 3158 833 3210 et
857 3160 991 3211 amarent

112 3252 263 3311 1111111111
280 3270 335 3329 pcr
352 3251 419 3325 illa,
446 3268 531 3310 vers:
556 3253 597 3310 15
612 3253 649 3311 acl
668 3255 721 3310 19.

159 3373 343 3448 praedictum
361 3375 482 3430 exitium
499 3371 577 3440 inde,
599 3389 684 3431 vers:
706 3375 750 3429 20
767 3371 805 3429 ad
820 3375 876 3440 23,
894 3389 990 3447 usque
1028 3374 1057 3429 3.

112 3479 144 3531 nt
158 3474 229 3532 nihil
245 3474 400 3532 Ecclesiae
414 3471 565 3553 reliquunt
588 3479 685 3540 esset,
710 3487 796 3528 vers:
825 3473 869 3526 24
882 3470 920 3527 ad
932 3473 987 3528 27.

111 3581 227 3650 praeter
244 3592 349 3651 pauca,
375 3591 460 3631 vers:
489 3574 544 3629 28.

160 3695 238 3771 quod
258 3693 422 3752 scientifica
444 3707 515 3750 vera
535 3694 742 3767 pervertentur
759 3707 815 3766 per
838 3692 993 3749 ratiociuia
1028 3692 1059 3750 3.

111 3811 148 3854 cx
163 3796 230 3870 illis,
249 3811 336 3855 vers:
359 3796 414 3851 29.
431 3795 485 3852 30.

1126 356 1160 408 45

161 3914 237 3992 Cap:
260 3914 360 3974 XLV:
397 3912 560 3990 praedictio
585 3909 663 3986 quod
686 3915 748 3969 tota
773 3910 909 3971 Ecclesia
936 3911 990 3971 de·
1029 3914 1059 3972 3.
1151 3982 1155 3991 Ι

110 4022 248 4088 struatur,
267 4031 352 4075 vers:
375 4018 389 4072 1
406 4014 443 4072 ad
458 4015 485 4072 5.

161 4143 239 4220 Cap:
262 4140 373 4200 XLVI.
408 4139 494 4214 Quod
516 4138 651 4198 naturale
675 4138 799 4198 hominis
825 4155 880 4215 per
897 4138 989 4196 ratio·
1027 4138 1058 4196 3.

110 4246 186 4305 11111
203 4262 242 4304 ex
258 4241 428 4303 scientificis
445 4242 610 4325 periturum
628 4242 675 4299 sit.
716 4239 803 4316 Quod
822 4241 920 4297 omnia
936 4236 988 4295 illa
