2528 4808
408 327 505 384 allos
527 329 606 388 CAP.
627 329 673 395 1v‚
696 340 712 390 2
745 329 841 396 —VIL
864 339 909 391 17.

121 476 143 559 ξε
187 505 218 549 ες
241 491 271 547 9.
289 490 343 548 10.
373 490 540 550 exhortatio
559 496 592 548 ut
610 496 785 548 convertant
801 505 836 550 ee
855 489 894 548 ad
911 489 1017 549 Domi-

134 598 213 675 aspi,
231 605 319 648 νοτες
343 593 397 648 12.
422 592 475 651 13.

150 678 265 770 'Rastiapz
283 689 321 748 V.
349 690 537 750 Lamentatio
555 706 648 767 super
661 690 829 749 Ecclesiam
847 690 928 766 quod
942 708 1014 750 suc·
1051 695 1081 750 2.

131 790 251 861 ces-iva
275 780 434 849 divastata
457 793 510 866 sit,
544 807 631 850 νοτες
662 790 740 849 lad
759 791 790 850 3.
833 791 962 850 hortatio
985 798 1020 849 ut

128 890 278 968 quatient
293 889 468 960 Dominum,
497 909 535 950 no
559 893 659 949 omnia
682 891 838 950 Ecclesiae
860 909 915 968 per
941 892 1021 951 mala

129 999 161 1052 et
179 992 260 1064 fessa
275 997 414 1067 pereant,
434 1008 520 1053 νοτες
541 993 561 1049 4
576 991 616 1049 ad
632 994 662 1050 9.

165 1090 266 1169 >paud
281 1098 427 1167 respuant
440 1109 521 1167 vera,
542 1094 614 1167 quia
629 1096 661 1150 in
678 1093 801 1168 propria
817 1090 1016 1168 intelligentia
1052 1096 1082 1150 2.

127 1175 218 1269 ενοι-ε
240 1208 333 1253 νοτες
369 1194 413 1252 10
434 1191 474 1251 ad
494 1194 548 1253 13.
589 1201 621 1250 ut
647 1199 824 1252 convertant
850 1208 900 1265 se,
936 1208 1020 1250 νοτες

130 1293 268 1361 lass

181 1374 355 1482 lfflentatio
373 1409 466 1469 super
481 1390 637 1452 Ecclesiae
656 1392 897 1464 destructionem,
917 1398 947 1450 et
960 1408 1018 1451 su·
1055 1392 1086 1453 2.
1102 1396 1133 1453 3.

127 1511 185 1571 per
196 1466 355 1593 {retentum
371 1492 489 1553 illorum
507 1510 576 1553 cum
593 1494 676 1553 venit
689 1492 846 1567 Dominus,
864 1509 957 1552 νοτες
975 1495 1017 1552 16

126 1595 167 1654 aa
184 1575 245 1661 siro.

178 1694 264 1772 qsuod
294 1692 395 1752 cultus
425 1711 528 1753 eorum
553 1710 611 1751 nou
637 1695 733 1769 possit
760 1699 902 1770 acceptus
935 1709 1013 1768 esse,
1052 1696 1084 1752 2.

126 1807 218 1856 vesta
238 1797 293 1853 21.
313 1797 369 1852 22.

175 1874 264 1973 ‘rhod
281 1900 427 1970 acceptus
449 1896 506 1954 erit
524 1893 677 1953 sibonum
696 1899 726 1953 et
744 1910 848 1952 verum
867 1892 926 1951 illis
945 1895 1014 1967 sint,
1053 1895 1083 1950 2.
1143 1923 1146 1928 ·

127 2013 215 2060 vers:
237 1997 280 2055 23
295 1994 334 2053 ad
349 1994 406 2053 25.

157 2095 267 2173 quod
284 2094 418 2170 alioquin
444 2093 640 2170 depriventur
660 2093 741 2152 omni
765 2093 932 2168 cognitione
952 2094 1015 2150 veri
1053 2095 1082 2149 2.

128 2178 264 2272 catoni,
283 2211 371 2254 vers:
393 2196 449 2254 26.
471 2197 527 2252 27.

158 2281 263 2373 ³Cap:
282 2295 336 2355 VI.
363 2294 411 2354 De
429 2294 568 2354 Ecclesia
590 2293 748 2371 spirituali,
768 2310 846 2370 quae
868 2294 1015 2368 instituta,
1042 2295 1085 2363 Ι3.

129 2410 161 2456 eia.
172 2397 211 2456 od
228 2397 360 2461 evaserit
372 2397 459 2473 pejor
471 2411 561 2472 quam
575 2394 703 2454 aliarum
720 2397 853 2469 gentium
866 2393 1018 2470 religiosa,

128 2506 215 2567 τῆτες
237 2501 267 2557 l.
287 2502 316 2556 2.
338 2509 342 2520 “
898 2512 901 2516 ’

130 2630 144 2642 ·
159 2670 162 2674 Δ
180 2585 260 2674 quod
285 2599 384 2657 omnia
406 2595 564 2656 Ecclesiae
588 2598 619 2654 iu
644 2595 827 2653 abundantia
849 2592 1013 2669 possideat,
1048 2583 1085 2650 ’3.

136 2699 214 2775 nod
232 2698 269 2758 de
286 2685 410 2757 interitu
428 2696 583 2758 Ecclesiae
607 2695 680 2754 nihil
698 2696 844 2770 cogitent,
870 2709 956 2752 νοτες
990 2693 1022 2751 3.

141 2798 218 2859 viiii.
356 2793 357 2796 ’
714 2861 716 2866 ,

107 2915 136 2933 ·’
180 2899 260 2976 quod
272 2899 341 2958 ideo
355 2898 453 2957 omnia
465 2898 600 2974 peritura
612 2897 681 2967 sint,
695 2912 774 2956 vers:
796 2894 862 2954 iad
877 2897 1012 2971 susque
1050 2894 1081 2952 3.
1140 2891 1144 2896 ’

102 2976 442 3085 '3¹'utnihr1rcmamat‚
462 3013 547 3056 νοτες
570 2998 614 3055 10
627 2996 666 3054 ad
684 2999 738 3055 12.

85 3112 96 3153 f
179 3125 342 3199 propterea
360 3121 432 3196 quia
448 3135 486 3178 ex
503 3119 624 3193 proprio
638 3116 696 3175 sibi
709 3115 762 3174 illa
780 3114 1013 3190 acquisiverunt,
1053 3112 1083 3170 3.

129 3237 214 3281 vers:
238 3221 366 3279 13,14.
416 3222 421 3235 '
708 3219 710 3226 ’

180 3348 258 3424 Cap:
278 3345 346 3406 VII.
375 3344 463 3422 Quod
479 3343 618 3403 Ecclesia
631 3341 669 3401 ab
684 3341 816 3400 externis
835 3338 874 3396 ad
891 3342 1016 3396 externa
1053 3337 1083 3394 3.

130 3449 269 3522 creverit,
288 3463 374 3506 νοτες
397 3449 427 3504 1.
456 3444 618 3521 quodcum
633 3447 758 3500 externa
771 3436 927 3512 deperdita
940 3440 1020 3504 sunt,

128 3554 302 3625 reparatum
321 3549 368 3621 sit,
388 3561 473 3604 vers:
494 3548 514 3603 4
531 3545 571 3602 ad
588 3546 618 3603 6.

179 3666 301 3744 quando
317 3681 414 3742 usque
433 3663 472 3723 ad
489 3665 607 3737 intima,
640 3666 711 3718 tune
730 3658 828 3716 omnia
848 3654 1011 3728 destructa,
1050 3651 1081 3712 3.

130 3769 201 3844 quia
219 3772 323 3827 contra
344 3766 457 3838 Deum,
483 3779 570 3823 vers:
593 3759 663 3820 'lad
679 3761 709 3833 9,
738 3763 769 3818 et
792 3762 895 3817 contra
920 3755 1021 3814 omnia

128 3867 294 3941 doctrinae,
312 3882 400 3925 νοτε.-
423 3866 466 3923 10
482 3865 522 3923 ad
543 3865 597 3923 13.

178 3989 223 4045 sic
240 3992 274 4045 ut
291 4001 351 4044 non
368 3984 504 4043 doctrina
521 3980 659 4058 amplius,
678 3993 762 4041 vers:
787 3977 841 4037 15.
865 3976 920 4033 16.
1053 3974 1083 4034 3.

180 4104 260 4182 quod
285 4104 424 4164 Ecclesia
446 4117 515 4160 cum
544 4097 682 4160 omnibus
708 4097 775 4173 ejus
801 4097 937 4174 peritura
967 4095 1015 4168 sit,
1055 4095 1085 4152 3.

130 4221 217 4269 νοτες
241 4209 296 4263 17.
346 4226 350 4235 ·

179 4313 390 4366 swenstorp,
413 4311 524 4352 Summas.
542 4310 624 4363 Expos.
642 4297 722 4348 senene
738 4305 830 4347 interni.
1016 4291 1034 4347 6
