2528 4808
104 342 159 395 na
390 313 602 396 1111111,
625 342 640 390 1
665 329 798 396 -11111,
821 339 866 392 23.

109 498 163 554 11.
184 496 238 551 17.
293 492 371 571 quod
389 498 495 567 pereat
507 489 653 566 Ecclesia,
669 506 748 550 vers:
771 496 787 546 7
805 489 843 548 ad
860 493 915 548 11.
941 492 998 549 nisi
1017 491 1161 550 Dominus

158 596 212 653 10.
252 595 405 652 restituat
421 593 519 660 illam,
538 608 625 651 vers:
654 595 708 649 12.
728 592 781 649 13.
810 608 867 666 per
884 591 1046 650 aduentum
1066 607 1162 666 suum,

269 709 353 752 vers:
377 695 431 751 14.
458 692 527 750 inde
546 693 682 766 salvatio,
702 707 789 751 vers:
813 694 856 749 14
871 691 909 748 ad
931 695 985 749 17.

185 795 237 853 10.
290 793 346 852 Ps:
365 792 446 852 xol.
482 791 651 852 celebratio
676 792 775 850 Patris
800 809 818 849 a
841 792 985 866 Domino,
1022 793 1163 869 quitipsi

269 894 428 967 uniondus,
446 909 532 952 vers:
556 897 585 950 1.

134 997 188 1056 10.
210 998 242 1054 8.»
294 994 373 1070 quod
397 995 440 1052 sic
468 994 563 1051 tutela
587 994 625 1052 ab
650 996 728 1053 omni
753 993 881 1068 insultu,
911 1009 998 1050 vers:
1029 997 1053 1053 2.
1071 994 1111 1053 ad
1134 998 1161 1054 6.

185 1099 239 1154 11.
271 1095 351 1170 quod
369 1097 412 1153 sic
430 1111 489 1152 nou
505 1096 682 1153 insurrectio
701 1094 738 1152 ab
762 1094 899 1169 infernis,
926 1093 1012 1153 vers:
1046 1099 1062 1152 7
1079 1094 1119 1152 ad
1134 1097 1163 1154 9.

271 1212 325 1254 111
345 1202 449 1254 contra
466 1194 643 1269 Ecclesiam,
670 1211 754 1253 vers:
779 1197 832 1253 10.

134 1301 189 1356 12.
212 1300 242 1356 8.
297 1295 376 1372 quod
394 1297 438 1353 sic
456 1294 518 1370 Ipsi
537 1297 648 1353 seruiet.
666 1295 799 1368 coelum,
819 1311 905 1354 vers:
935 1297 987 1354 11.
1008 1297 1062 1354 12.
1084 1295 1163 1372 quod

188 1400 242 1455 10.
270 1396 342 1454 nihil
360 1397 473 1453 timoris
489 1402 558 1453 tunc
580 1395 775 1464 obtuleram,
803 1413 870 1454 cum
889 1395 1029 1455 Humano
1048 1397 1163 1454 unitum

270 1507 316 1554 est
332 1496 483 1564 Divinum,
502 1513 585 1556 vers:
616 1499 656 1555 13
673 1496 711 1554 ad
731 1498 785 1555 16.

191 1599 244 1655 10.
297 1597 354 1654 Ps:
374 1594 470 1655 XCH.
498 1596 544 1654 Do
564 1599 694 1656 unitione
713 1595 815 1654 Divini
831 1597 952 1655 Domini
969 1613 1036 1655 cum
1054 1598 1164 1657 Divino

275 1696 415 1756 Humano
432 1695 548 1771 Ipsius,
567 1715 644 1773 quae
664 1705 710 1756 est
728 1696 916 1768 sabbathum,
935 1714 1021 1756 vers:
1045 1701 1074 1756 1.

184 1799 239 1856 10.
293 1796 454 1855 celebratio
479 1805 603 1873 propter
620 1799 861 1873 cooperationem
877 1797 974 1856 PatrIs
994 1815 1062 1858 cum
1080 1799 1161 1876 Ipso,

267 1914 352 1955 vers:
375 1898 448 1955 2ad
464 1899 491 1954 6.

210 2001 239 2058 3.
291 1998 371 2074 quod
388 1998 458 2056 mali
476 1999 533 2058 boc
552 2016 610 2056 non
628 1999 810 2080 intelligant,
828 2016 912 2058 vers:
935 2005 963 2057 i.
993 2000 1074 2075 qnod
1093 1999 1163 2058 mali

266 2101 385 2157 tametsi
402 2099 526 2172 florent,
537 2115 634 2175 usque
650 2106 791 2182 pereant,
811 2116 895 2159 vers:
928 2099 1001 2159 bad
1019 2102 1074 2171 10,

132 2203 186 2258 10.
211 2205 240 2260 8.
294 2199 374 2276 quod
398 2202 440 2257 sic
465 2202 677 2275 omnipotentia
702 2201 811 2259 Diniua
834 2207 937 2258 contra
959 2200 1161 2277 insurgentes,

268 2302 506 2358 vers:ll.l2.
622 2282 624 2286 ⁵

182 2405 235 2460 11.
288 2400 368 2477 qnod
385 2399 524 2460 Ecclesia
542 2401 609 2459 inde
628 2401 752 2476 florebit,
775 2417 861 2460 vers:
885 2403 928 2460 13
944 2401 982 2458 ad
1000 2404 1056 2460 15.

105 2506 160 2561 11.
181 2505 236 2561 16.
291 2509 320 2561 11
338 2501 502 2560 celebrabit
515 2502 685 2576 Dominum,
705 2518 789 2561 vers:
813 2505 867 2561 16.

106 2628 160 2686 10.
178 2631 233 2686 12.
284 2630 340 2687 Ps:
359 2625 472 2685 XCIII.
504 2625 592 2702 Quod
608 2644 665 2702 pen
681 2628 843 2685 unitionem
861 2627 962 2685 Divini
980 2632 1010 2686 et
1027 2627 1158 2689 Humani

174 2719 177 2724 ’
266 2731 297 2786 in
317 2728 445 2787 Domino
465 2726 588 2785 Ocelum
603 2734 633 2784 et
645 2726 784 2786 Ecclesia
799 2729 830 2785 in
840 2733 998 2807 aeternum
1016 2746 1158 2804 perman-

268 2833 346 2896 eant,
363 2842 446 2885 vers:
469 2829 497 2883 1.
516 2829 547 2884 2.

184 2931 237 2986 12.
288 2925 431 3003 gaudium
446 2925 564 2984 illorum
588 2929 692 3002 quiin
715 2928 833 2987 Diuinis
855 2930 934 2996 veris
957 2929 1044 3004 inde,
1068 2946 1155 2990 vers:

269 3029 300 3086 3.
319 3029 348 3085 4.
388 3025 522 3103 Verbum
539 3029 570 3086 in
587 3026 725 3086 Ecclesia
743 3027 921 3101 stabilitum,
940 3046 1026 3088 vers:
1053 3032 1081 3088 5.

182 3148 235 3206 15.
286 3146 341 3204 Ps:
366 3145 478 3205 XCIV.
530 3128 680 3224 degente
708 3145 838 3205 Judaica
869 3148 950 3223 quod
976 3144 1158 3217 destruxerit

264 3246 441 3306 Ecclesiam.
480 3246 520 3307 Ut
533 3250 572 3306 sit
590 3264 682 3323 super
700 3247 768 3305 illos
785 3247 941 3323 judicium,
967 3265 1052 3308 vers:
1077 3254 1105 3309 1.
1124 3254 1155 3309 2.

205 3350 234 3408 3.
289 3350 360 3424 quia
377 3347 544 3407 Ecclesiam
562 3348 723 3421 destruxit,
753 3347 833 3423 quod
852 3365 908 3407 nee
926 3350 1031 3407 timeat
1047 3350 1155 3424 Deum,

266 3451 318 3526 qui
334 3456 434 3508 tamen
451 3449 533 3507 videt
552 3449 665 3520 omnia,
689 3449 773 3506 vers:
796 3449 814 3506 3
835 3448 874 3506 ad
895 3451 948 3507 11.

104 3571 158 3627 11.
176 3570 231 3628 15.
283 3569 364 3644 quod
384 3567 532 3626 DomInus
555 3571 679 3642 propter
701 3565 870 3625 Ecclesiam
895 3573 1041 3625 venturus
1059 3569 1099 3626 sit
1119 3564 1158 3625 ad
1193 3623 1201 3628 .

258 3667 463 3744 judicandum,
482 3683 567 3726 vers:
592 3669 633 3724 12
652 3666 690 3724 ad
707 3666 760 3724 15.

66 3756 88 3813 .'
153 3787 183 3843 6.
202 3786 231 3843 9.
284 3783 364 3859 quod
387 3785 527 3843 Dim'uum
544 3785 666 3843 Domini
689 3786 811 3844 assistet
834 3792 938 3844 contra
962 3786 1058 3846 malos
1079 3794 1109 3846 et
1125 3789 1157 3846 in

263 3883 441 3953 tentatione,
458 3900 542 3942 vers:
565 3888 608 3944 16
623 3882 662 3943 ad
684 3886 737 3944 19.
766 3885 846 3961 quod
864 3885 935 3960 mali
951 3887 1109 3964 insurgant
1126 3891 1156 3947 ct

264 3981 400 4042 occidere
417 3981 525 4058 velint,
544 3999 628 4042 vers:
650 3986 705 4044 20.
722 3987 778 4043 21.

148 4106 180 4164 4.
203 4106 233 4164 8.
285 4101 340 4161 scd
352 4119 407 4178 per
421 4102 563 4161 auxilium
583 4120 619 4161 111
633 4101 742 4161 Divino
760 4119 816 4163 suo
833 4106 960 4180 perituri
980 4107 1048 4181 sint,
1067 4121 1153 4165 vers:

265 4205 319 4262 22.
337 4204 392 4262 23.
