2528 4808
298 310 430 375 sucum
452 312 532 370 cer,
554 311 641 378 rull,
665 323 680 373 a
704 312 840 370 -xxru,
863 324 889 374 e
1027 311 1036 329 '
1085 326 1118 377 εν

62 474 139 532 tiam
160 487 263 546 suam,
284 477 314 530 ct
330 489 389 541 non
407 471 459 530 illa
472 478 654 547 pervertant,
675 473 750 531 leret
768 472 826 531 illis
846 473 954 532 intelli·

60 575 176 651 gentia,
197 588 281 630 νοτες
304 574 333 631 3.
353 576 384 630 4.

116 672 198 750 quod
216 673 348 749 alioquin
366 676 532 750 periturum
562 680 608 731 est
631 690 716 731 enine
733 673 955 750 intelligentiae,
992 680 1022 734 2.

60 792 150 835 vers:
188 776 217 834 5.
240 777 270 833 6.
297 781 328 832 ct
354 793 439 834 omnc
457 776 597 834 scientiae
626 792 741 848 eorum,
779 776 848 850 quia
870 791 961 853 sepa-

61 883 210 936 ravemmt
227 893 260 934 sc
279 877 453 951 aDomino,
479 893 564 936 vers:
590 881 618 934 7.
636 878 665 934 8.
685 877 714 933 9.

116 977 208 1054 Quod
225 977 309 1035 nulla
326 980 482 1053 restitutio,
503 995 587 1036 vers:
612 979 664 1050 10,
993 986 1023 1040 2.

115 1079 197 1155 quod
209 1096 269 1136 non
281 1077 408 1153 amplius
422 1080 459 1137 ab
477 1078 536 1137 illis
550 1077 696 1152 Ecclesia,
712 1095 796 1137 vers:
823 1083 874 1138 11.
898 1085 952 1140 12.
990 1087 1020 1142 2.

65 1182 137 1257 quia
152 1198 209 1258 per
226 1181 382 1237 ratiocinia
400 1198 437 1240 ex
450 1180 533 1238 lalsis
547 1178 682 1238 iecerunt
695 1177 751 1237 sibi
768 1179 949 1258 religionem,

70 1299 157 1339 vers:
177 1284 230 1340 13.
254 1283 307 1338 l4.

75 1438 85 1461 χ
123 1382 198 1458 quod
213 1383 329 1458 priores
347 1382 478 1456 illorum,
508 1384 558 1457 qui
582 1382 612 1439 in
629 1381 779 1458 Ecclesia,
810 1402 868 1442 non
886 1385 952 1445 irre·
990 1392 1021 1446 2.

68 1484 126 1540 siut
143 1483 232 1557 taleS,
252 1500 337 1541 vers:
364 1487 416 1543 15.
440 1486 493 1541 16.
524 1482 579 1541 sed
597 1483 677 1558 quod
693 1485 860 1544 Ecclesiam
877 1505 948 1563 per-

63 1586 211 1644 verterint
228 1601 285 1660 per
298 1588 393 1643 onmis
411 1586 528 1661 generis
547 1584 632 1659 salsa,
652 1602 736 1644 νοτες
761 1591 813 1646 17.

111 1686 195 1762 quod
208 1702 267 1744 non
280 1688 377 1761 possit
389 1686 453 1745 ficri
468 1688 619 1744 miseratio
635 1688 705 1762 quin
718 1691 795 1748 sicut
808 1691 954 1766 prophani
991 1694 1020 1752 3.

62 1787 231 1865 ejiciantur,
245 1804 329 1844 νοτες
352 1789 406 1845 18.
430 1790 482 1846 19.

111 1888 193 1965 quod
224 1904 283 1945 uon
311 1888 464 1948 attendere
497 1889 591 1948 velint
620 1891 658 1948 ad
689 1890 837 1962 Verbum,
864 1910 949 1952 vers:
989 1897 1019 1954 3.

65 1991 122 2047 20.
142 1993 197 2047 21.

82 2075 86 2080 ⁴
119 2092 184 2167 quia
201 2089 281 2148 falsa
297 2091 448 2167 religionis
466 2089 644 2162 imbuerunt,
663 2109 748 2150 νοτες
770 2097 825 2151 22.
988 2097 1019 2154 3.

114 2192 192 2268 quod
215 2209 271 2269 per
294 2192 427 2251 Verbum
452 2209 511 2250 non
535 2194 651 2267 possint
676 2193 800 2251 tutelam
819 2194 943 2272 habere,
986 2197 1037 2256 15.
1056 2200 1085 2257 3.

64 2304 215 2369 utcunque
236 2293 379 2351 illudere
398 2298 572 2370 agnoscunt,
599 2309 684 2351 vers:
706 2295 762 2354 23.
785 2298 840 2355 24.

110 2395 193 2472 qnod
211 2395 373 2453 interillos
391 2397 517 2467 uenturi,
538 2396 589 2469 qui
605 2393 793 2469 prophanant
807 2395 948 2472 Verbum,
987 2399 1017 2456 3.

61 2502 91 2554 et
115 2495 173 2554 sibi
198 2512 254 2573 per
277 2496 307 2553 id
330 2496 442 2554 iaciunt
468 2496 642 2571 religionem
665 2497 842 2553 contrariam
869 2499 949 2555 reris

60 2596 234 2667 Ecclesiae,
267 2614 285 2653 a
309 2614 368 2672 qua
393 2596 535 2672 religione
564 2594 704 2653 recedere
730 2611 789 2653 non
813 2602 949 2672 possunt,

61 2715 147 2757 vers:
171 2700 226 2756 25.
249 2700 304 2755 26.
326 2701 381 2755 27.

110 2797 192 2877 quod
210 2800 270 2857 illis
292 2816 349 2856 non
367 2798 489 2875 aliquod
506 2816 610 2857 verum
628 2800 680 2872 sit,
706 2797 786 2874 quod
802 2815 861 2857 non
878 2815 949 2876 per·
988 2802 1017 2861 3.

64 2917 183 2960 versum
201 2907 232 2959 et
248 2900 477 2977 prophanatum,
495 2916 580 2960 νοτες
602 2901 646 2958 28
660 2899 700 2957 ad
716 2902 770 2959 30.

112 3020 191 3098 Gap:
211 3020 329 3079 XXIII.
360 3019 471 3079 Contra
490 3019 557 3078 illos
573 3020 623 3096 qui
640 3018 750 3077 bonurn
768 3019 862 3080 Verbi
877 3039 949 3099 per·
988 3024 1018 3083 3.

67 3129 230 3197 verterunt,
269 3128 300 3181 et
322 3121 428 3197 perid
451 3121 618 3181 Ecclesiam
642 3120 865 3197 destruxerunt,
897 3125 948 3199 qui

68 3230 130 3281 sunt
149 3231 298 3300 pastores,
319 3239 404 3281 νοτες
424 3225 453 3280 1.
470 3228 500 3281 2.

114 3347 193 3422 quod
219 3349 359 3423 perituri,
388 3353 418 3405 et
444 3347 526 3423 quod
551 3348 696 3406 Dominus
718 3346 885 3406 Ecclesiam
909 3366 946 3407 ex
984 3353 1038 3408 11.

68 3445 128 3505 aliis
145 3447 338 3521 instaurabit,
369 3450 419 3523 qui
446 3447 557 3505 bonum
584 3450 649 3525 ejus
668 3446 816 3520 docebunt
837 3453 866 3505 et
883 3445 945 3504 dis-

69 3554 138 3622 cent,
161 3567 249 3608 νοτες
272 3551 303 3608 3.
324 3552 355 3606 4.

113 3671 192 3746 quod
224 3670 281 3728 hoc
304 3668 450 3727 Dominus
473 3667 605 3726 iacturns
629 3668 681 3739 sit,
715 3670 746 3723 et
769 3665 846 3742 quod
872 3672 942 3727 tunc
980 3671 1035 3728 11.

68 3773 113 3847 qui
130 3772 167 3830 ab
180 3770 318 3830 Ecclesia
333 3768 433 3845 Ipsius
452 3768 588 3827 salvandi
605 3770 677 3837 siut,
696 3784 781 3826 νοτες
805 3769 833 3828 5.
852 3771 882 3828 6.

113 3880 193 3969 qubd
210 3897 281 3949 tunc
299 3895 461 3966 agnoscent
479 3887 559 3965 quod
576 3887 722 3946 Dominus
740 3890 779 3946 sit
796 3887 950 3962 Jehovalc
982 3893 1036 3950 16.
1055 3893 1111 3950 11.

69 3995 95 4048 et
110 3992 188 4069 quod
204 3990 342 4050 Ecclesia
359 3990 457 4067 Ipsius
477 3991 524 4064 sit,
544 4005 628 4048 vers:
652 3992 680 4047 7.
700 3987 763 4066 [8.]

112 4119 213 4171 contra
230 4111 299 4170 illos
320 4112 371 4189 qui
388 4114 564 4189 pervertunt
582 4124 656 4171 vera
672 4107 779 4184 Verbi,
809 4111 860 4187 qui
879 4117 949 4169 sunt
986 4112 1016 4170 3.

68 4213 246 4291 prophetae,
273 4228 359 4276 νοτες
381 4215 410 4289 9,
446 4209 513 4271 inde
540 4210 677 4272 Ecclesia
702 4210 792 4287 plena
817 4211 900 4272 falsis
919 4217 948 4270 et
1005 4268 1012 4283 ,
