2528 4808
96 348 121 400 10
340 334 472 390 tsttsu:
494 334 573 394 CAP.
594 332 652 398 VII,
676 342 691 393 5
716 330 822 396 -Vsst,
846 339 891 391 15.

250 496 308 553 nisi
336 496 441 552 vivant
471 492 636 554 secundum
664 498 844 568 praecepta,
884 497 914 551 11
939 505 1000 548 non
1032 489 1141 550 violent

250 593 399 668 Verbum,
421 609 507 652 vers:
534 595 563 652 5.
586 595 616 651 6.

190 698 220 753 3.
273 693 354 770 quod
370 692 422 751 illa
439 711 497 752 nou
516 693 642 767 saciant,
672 691 752 767 quod
768 691 921 765 Ecclesia,
945 706 1034 749 vers:
1060 695 1089 748 7.
1116 692 1141 748 si

252 800 354 853 eontra
370 799 535 869 praecepta
551 794 671 866 vivitur,
692 791 772 867 quod
789 808 849 849 non
866 790 1025 850 Ecclesiae
1044 788 1140 848 cultus

251 896 304 969 sit,
324 910 408 953 vers:
431 896 506 952 ss.
523 894 578 950 10.

191 997 221 1053 3.
274 994 354 1070 quod
372 993 510 1053 Ecclesia
527 993 646 1052 Domini
664 1009 723 1050 non
745 993 784 1049 sit
805 990 864 1049 illis
883 993 933 1066 qui
951 990 1140 1067 prophanam

252 1102 369 1164 sancta,
393 1111 478 1158 vers:
507 1096 561 1151 11.
598 1110 654 1170 per
675 1091 707 1149 id
729 1091 762 1149 fit
787 1091 949 1150 destructio
972 1091 1137 1165 Ecclesiae,

251 1197 329 1255 sicut
345 1195 429 1265 alibi,
448 1196 537 1254 otiam
554 1195 611 1268 hic,
635 1207 720 1252 vers:
746 1196 786 1250 12
800 1191 838 1250 ad
853 1193 906 1267 15,

191 1299 219 1355 3.
271 1312 329 1354 non
359 1296 461 1354 valeat
491 1296 683 1363 intercessio,
714 1309 799 1352 vers:
835 1295 889 1351 16.
931 1294 1003 1369 quia
1028 1299 1141 1352 certum

253 1396 331 1471 quod
349 1396 537 1471 prophanent
555 1412 627 1456 vera
646 1401 675 1453 et
695 1393 790 1467 bona,
811 1393 902 1467 coeli,
929 1410 1017 1453 vers:
1041 1396 1083 1452 17
1106 1392 1142 1452 ad

256 1499 310 1554 19.
335 1495 404 1554 iude
423 1497 560 1554 interitus
579 1497 717 1568 omnium,
742 1510 829 1553 vers:
859 1497 914 1552 20.

192 1600 221 1656 3.
276 1594 355 1672 quod
373 1595 465 1654 fidant
484 1612 577 1670 super
595 1602 718 1654 externa
732 1595 840 1669 cultus,
860 1610 937 1670 quae
955 1592 1040 1653 nihili
1060 1600 1137 1670 sunt,

253 1699 323 1773 quia
335 1696 418 1754 nulla
434 1700 550 1755 interna
568 1695 665 1754 cultus
683 1695 752 1764 11111,
774 1712 862 1754 vers:
886 1697 928 1752 21
950 1693 988 1752 od
1004 1698 1060 1754 24.

197 1801 226 1856 2.
278 1796 358 1873 quod
376 1797 482 1855 obuius
501 1796 661 1872 rejecerint
676 1798 806 1871 interna,
831 1811 927 1870 usque
948 1813 966 1853 a
984 1798 1141 1874 principio,

254 1913 340 1954 vers:
362 1898 417 1955 25.
440 1899 495 1955 26.

168 2000 221 2056 15.
275 2000 412 2074 quoniam
432 1998 601 2056 reformatio
625 1997 750 2070 frustra,
784 1997 918 2074 rejicitur
938 2013 1025 2057 omne
1043 1997 1141 2056 cultus

247 2115 368 2172 eorum,
389 2100 459 2174 quia
476 2096 665 2172 prophanam
683 2098 780 2154 omnia
797 2096 963 2166 Ecclesiae
987 2114 1072 2158 vers:
1095 2103 1136 2157 21

251 2198 290 2256 ad
311 2200 365 2257 31.

166 2301 219 2357 16.
274 2298 353 2374 quod
371 2298 565 2374 conjicientur
581 2300 612 2355 iu
630 2297 790 2372 infernum,
824 2298 875 2356 ubi
892 2315 952 2356 non
972 2300 1032 2356 nisi
1044 2287 1142 2386 {quam

249 2398 358 2457 falsum
379 2404 408 2456 11
427 2396 554 2466 malum,
578 2413 662 2455 vers:
687 2399 741 2456 32.
771 2400 826 2458 33.
863 2401 906 2456 ita
926 2397 1068 2458 Ecclesia
1091 2398 1143 2458 illa

250 2501 384 2577 peritura
403 2504 463 2568 cst,
488 2515 573 2560 vers:
596 2499 651 2556 34.
1069 2478 1073 2485 ’

166 2602 219 2659 15.
273 2597 355 2677 Cap:
374 2598 460 2658 VIII.
493 2597 582 2674 Quod
600 2597 838 2673 prophanatores
857 2599 922 2658 veri
944 2598 1143 2675 conjicientur

250 2700 459 2769 minimuum,
490 2705 520 2759 11
542 2701 674 2756 1111111111
699 2700 729 2757 in
752 2698 916 2774 prophanis
941 2700 1019 2773 suis,
1052 2715 1143 2762 vers:

254 2803 282 2859 l.
300 2802 330 2857 2.

115 2916 168 2976 15.
192 2917 221 2975 3.
275 2916 355 2992 quod
383 2917 481 2976 omnia
504 2915 621 2992 reliqua
646 2934 748 2976 eorum
776 2919 866 2977 etiam
890 2919 1049 2976 interitura
1073 2921 1143 2988 sint,

249 3032 334 3074 vers:
356 3018 386 3075 3.

114 3200 117 3206 ,
188 3134 218 3192 3.
273 3134 354 3210 quod
370 3134 447 3194 tales
472 3137 532 3193 sint
556 3142 665 3194 utnon
682 3139 800 3211 possint
819 3139 952 3196 converti
975 3142 1005 3196 11
1026 3138 1140 3212 reduci,

249 3230 339 3293 verris:¹
360 3237 392 3293 4.
416 3236 445 3294 5.
470 3237 500 3293 6.

191 3353 222 3413 3.
275 3352 356 3431 quod
372 3370 432 3413 non
446 3353 540 3414 velint
553 3355 629 3413 scire
643 3354 765 3431 ailquod
778 3372 883 3415 verum
901 3373 939 3414 ex
957 3355 1072 3426 Verbo,
1090 3373 1141 3416 re·

244 3453 384 3530 jicientes
397 3454 480 3530 illud,
497 3469 582 3517 vers:
605 3459 621 3512 1
634 3454 672 3512 ad
685 3456 714 3513 9.
732 3472 825 3530 quare
836 3455 889 3513 illa
903 3472 980 3532 quae
994 3456 1077 3532 apud
1087 3473 1141 3516 eos

250 3553 399 3614 dabuntur
418 3555 499 3631 aliis,
518 3571 606 3614 vers:
630 3556 683 3612 10.
711 3555 790 3630 quod
802 3555 880 3613 falsa
897 3572 954 3614 sua
967 3555 1141 3631 defendant,

250 3660 279 3712 11
297 3654 396 3713 dicant
417 3672 485 3715 esse
505 3673 579 3714 vera
593 3652 762 3728 Ecclesiae,
791 3656 871 3730 quod
888 3673 947 3715 non
967 3654 1139 3718 1111111111-

248 3757 308 3820 ter,
334 3770 417 3812 vers:
441 3756 496 3812 11.
519 3757 572 3812 12.

188 3875 218 3934 3.
272 3889 364 3950 quare
386 3877 458 3951 quia
480 3876 553 3935 nllril
577 3880 642 3935 veri
674 3840 706 3936 et
736 3876 806 3938 boni
831 3879 976 3956 amplius,
1013 3881 1142 3957 perituri

248 3978 332 4046 sunt,
350 3991 435 4035 vers:
459 3976 514 4034 13.
550 3993 691 4036 recursus
710 3978 749 4037 ad
765 3978 915 4055 Verbum,
943 3979 999 4040 sed
1016 3980 1141 4053 frustra,

248 4077 487 4134 vors214.15.

186 4192 218 4251 3.
269 4196 341 4252 tuuc
357 4193 495 4254 fallaciae
515 4195 663 4256 sensualia
680 4196 827 4272 hominis,
860 4205 891 4259 et
915 4216 953 4260 ex
970 4197 1020 4259 his
1040 4201 1137 4259 ratle-
