2610 4814
337 346 436 400 ESAJ.
458 344 537 403 onP.
558 345 685 412 XXVIII,
707 356 723 408 3
746 347 875 412 -XXX,
898 357 942 408 15.

173 507 253 584 quod
272 508 407 584 peritura
424 508 484 575 sint
501 523 589 582 vera,
615 523 699 567 vers:
729 509 759 567 3.
777 511 809 566 4.
835 506 923 583 Quod
939 508 1006 568 Do·
1044 512 1073 569 2.
1093 511 1148 567 11.

121 609 219 666 miuus
238 607 380 666 docturus
399 609 438 665 sit
456 624 529 666 vera
546 624 613 666 curn
628 608 720 682 venit,
740 624 825 668 vers:
853 609 881 682 5,
898 608 961 685 [o]

174 707 253 784 quod
270 714 341 766 tunc
359 709 455 766 omnis
479 707 613 766 doctrina
635 707 726 783 plena
752 707 837 767 salsis
862 715 892 767 et
916 709 1013 784 malis,
1052 712 1082 769 3.

122 825 207 868 vers:
234 814 262 866 7.
284 810 314 866 8.

172 917 282 967 utnon
300 909 452 967 informari
470 913 500 966 et
517 908 617 967 doceri
634 910 763 985 possint,
789 925 874 967 vers:
905 911 934 967 9.
959 911 1012 969 10.
1052 912 1080 969 3.

122 1008 202 1086 quod
218 1009 374 1085 rejecturi,
398 1025 483 1068 vers:
512 1011 636 1066 ll.l2.
656 1010 709 1068 13.

173 1108 253 1186 quod
265 1109 380 1166 irrisuri
392 1114 463 1167 suut
474 1107 528 1166 illa
542 1125 620 1184 quae
637 1107 720 1167 Coeli
730 1108 921 1168 etEcclesiae
934 1117 1012 1183 sunt,
1050 1113 1081 1168 4.

124 1216 154 1269 et
165 1210 307 1286 rejecturi
319 1208 372 1267 illa
386 1226 463 1284 quae
473 1208 594 1266 Domini
608 1215 686 1282 stunt,
703 1225 787 1267 vers:
811 1212 865 1266 14.
883 1210 936 1267 15.
953 1212 1006 1268 16.

176 1309 393 1386 quodtametsi
410 1307 599 1384 reprobaturi
616 1316 720 1366 elnon
738 1307 931 1378 intellecturi,
953 1325 1007 1367 us·
1045 1313 1075 1366 2.
1096 1312 1125 1368 3.

124 1428 182 1488 que
202 1409 401 1484 docebuntur,
424 1425 512 1467 vers:
537 1412 577 1467 17
595 1408 633 1466 ad
647 1411 703 1466 21.
731 1408 811 1485 quod
826 1410 941 1485 jugiter
955 1410 1010 1468 do·

123 1510 283 1584 cobuntur,
304 1510 358 1568 sed
377 1508 457 1586 quod
473 1526 571 1584 usque
590 1527 648 1567 nou
667 1512 832 1585 recepturi,
855 1526 940 1569 vers:
965 1514 1008 1568 22

122 1611 158 1669 ad
180 1614 235 1670 29.

173 1711 254 1789 Cap:
273 1709 393 1770 XXIX.
422 1710 459 1769 de
483 1710 617 1768 doctrina
641 1712 704 1768 veri
729 1709 885 1769 Ecclesiae
905 1712 1015 1787 deper·
1054 1716 1084 1772 3.

125 1812 202 1886 dita,
229 1828 306 1887 quac
326 1810 425 1884 Ariel,
458 1810 539 1886 quod
559 1812 692 1887 peritura
715 1827 812 1886 usque
837 1817 870 1869 ut
895 1829 953 1870 non
978 1815 1016 1872 sit

122 1911 244 1988 aliquid,
262 1928 349 1969 vers:
374 1910 445 1969 iad
462 1913 492 1969 4.
923 1912 925 1915 ’
982 1930 984 1935 ’

176 2010 256 2088 quod
286 2011 364 2069 salsa
393 2010 578 2069 invalescent
612 2017 641 2069 et
670 2019 845 2087 pervertent
876 2013 1012 2088 amplius,
1051 2015 1081 2070 2.
1101 2014 1130 2070 3.

123 2128 221 2188 usquo
240 2116 273 2168 ut
290 2118 397 2186 pereat
413 2111 566 2184 Ecclesia,
593 2128 677 2170 vers:
701 2112 729 2170 5.
750 2114 779 2170 6.
808 2112 1014 2188 quodfalsum
1118 2120 1120 2123 ’

123 2213 329 2291 appariturum
347 2213 387 2269 sit
404 2212 485 2269 sicut
501 2227 623 2287 neuim,
641 2228 728 2269 vers:
751 2218 781 2270 7.
804 2215 832 2272 8.

174 2311 397 2388 quodpropter
415 2310 492 2369 ialsa
509 2327 567 2367 uon
581 2319 708 2388 possent
719 2312 822 2372 rddere
837 2329 919 2385 vera,
939 2330 1018 2372 vers:
1057 2317 1087 2371 2.
1107 2316 1138 2373 3.

124 2412 199 2471 aad
215 2414 270 2470 12.
1035 2421 1039 2428 '

176 2512 257 2589 quod
277 2511 376 2572 cultus
402 2517 544 2570 externus
563 2510 677 2596 absque
696 2514 828 2585 interno,
855 2527 941 2571 vers:
965 2513 1021 2570 13.
1059 2516 1090 2570 2.
1109 2514 1139 2571 3.

122 2613 202 2690 quod
219 2630 279 2672 nou
297 2612 424 2689 amplius
444 2610 614 2670 intellectus
636 2614 711 2684 veri,
731 2627 817 2670 vers:
840 2613 894 2685 14,

1156 359 1172 411 9

175 2713 256 2790 quod
291 2713 328 2772 de
363 2711 430 2771 Dco
465 2713 584 2770 sinistre
621 2713 779 2788 cogitaturi
814 2712 889 2784 siut,
926 2729 1010 2771 vers:
1050 2714 1156 2772 3.11.

128 2816 195 2873 15:
211 2817 264 2872 16.
295 2812 376 2890 quod
399 2818 546 2888 pereunte
571 2814 667 2870 reteri
685 2810 824 2871 Ecclesia
850 2831 868 2870 a
890 2812 1018 2872 Domino

122 2932 200 2973 nova
216 2914 410 2974 instauranda
424 2915 477 2986 sit,
500 2929 584 2971 vers:
609 2917 662 2971 17.
683 2915 738 2972 18.
760 2915 814 2972 19.

175 3014 257 3090 quod
273 3016 399 3092 perituri
417 3029 519 3072 omnes
538 3016 589 3088 qui
614 3019 719 3071 contra
739 3030 843 3072 verum
863 3019 893 3072 et
910 3012 1020 3072 bonurn
1059 3016 1089 3074 3.

123 3121 202 3185 sunt,
220 3131 306 3173 vers:
328 3116 384 3173 20.
402 3116 458 3172 21.

175 3215 262 3273 aliter
275 3215 318 3273 illi
332 3217 384 3291 qui
397 3217 549 3290 recepturi
557 3214 727 3290 Dominum,
741 3213 820 3291 quod
830 3212 1011 3273 intellecturi
1051 3217 1104 3273 11.

123 3317 182 3372 nint
200 3332 287 3384 vera,
309 3331 396 3374 vers:
419 3318 475 3372 22.
493 3317 549 3373 23.
568 3318 624 3373 24.

174 3415 254 3491 Cap:
279 3414 388 3474 XXX:
413 3414 493 3490 quod
515 3414 559 3472 illi
584 3417 634 3490 qui
652 3414 747 3472 fidunt
764 3416 907 3473 scientiae
926 3419 1016 3470 natu·
1057 3416 1087 3470 2.

126 3514 197 3573 ralis
215 3516 353 3584 hominis,
371 3517 413 3573 ita
431 3530 505 3572 suae
522 3513 754 3588 intelligentiae,
775 3512 854 3589 quod
872 3510 1017 3569 seducant

122 3632 172 3689 se,
190 3631 277 3674 vers:
301 3618 314 3671 l
335 3614 373 3672 ad
391 3616 419 3672 ς’).
452 3598 455 3603 ¹

172 3716 210 3774 de
229 3713 353 3774 eruditis
371 3730 425 3772 seu
445 3732 464 3772 a
483 3729 515 3771 se
535 3712 640 3787 doctis,
660 3729 745 3771 vers:
769 3716 798 3783 o,
819 3712 899 3790 quod
917 3714 1016 3772 scicn-
1056 3717 1087 3771 2.

123 3817 185 3873 tiae
203 3814 350 3873 seducant
366 3813 444 3888 illos,
464 3818 494 3872 et
513 3813 593 3888 quod
606 3814 748 3874 recedant
767 3812 910 3888 aVerbo,
929 3831 1015 3872 vers:

127 3920 144 3972 7
164 3915 203 3972 ad
218 3917 272 3973 10.
296 3921 327 3973 et
344 3931 363 3971 a
379 3914 517 3983 Domino,
534 3931 622 3973 vers:
648 3918 701 3972 ll.

174 4014 254 4090 quod
275 4015 318 4073 sic
335 4030 393 4073 uon
415 4013 473 4071 illis
500 4013 622 4090 aliquod
639 4031 744 4074 verum
769 4020 799 4073 et
826 4015 871 4072 sic
888 4032 944 4073 nec
963 4014 1019 4071 bo·
1059 4016 1090 4070 2.

122 4133 210 4187 num,
236 4131 321 4172 vers:
354 4113 446 4172 l2ad
464 4116 516 4170 14.
556 4114 635 4189 quod
655 4114 805 4172 fidendum
826 4115 863 4171 sit
882 4114 1020 4172 Domino.

122 4231 206 4272 vers:
233 4217 285 4272 ln.
