2528 4808
319 115 452 173 111111
475 119 554 179 cau.
576 120 649 188 uu,
672 131 706 185 re
729 124 870 204 -x‚·1e.
1089 137 1121 189 31

56 279 228 338 ciuaiioues
250 280 379 354 perdent
397 281 481 357 illos,
512 287 543 342 et
560 281 693 342 inficient
709 300 843 359 veneno,
872 299 958 345 vers:

63 380 119 438 16.
143 381 200 437 11.

112 479 198 539 dolor
217 486 247 539 et
264 481 439 542 lamentatio
457 486 625 567 reciproca,
648 483 728 560 quod
744 485 857 543 tamdiu
878 501 950 561 pro·
990 488 1045 545 11.

62 579 198 649 trabatur
221 586 343 659 tempus
368 589 530 658 antequam
554 602 634 643 nova
659 584 797 644 Ecclesia
824 586 862 645 ab
887 585 952 645 aliis
992 589 1045 646 11.

61 681 222 740 instaurari
239 689 352 760 potest,
373 699 459 742 vers:
483 686 524 742 18
544 685 582 742 ad
597 687 652 743 23.

109 781 193 857 Cap:
211 781 275 843 IX:
304 782 393 859 Quod
411 785 440 841 11
463 783 600 843 Ecclesia
622 801 682 843 non
704 787 761 843 nisi
782 803 871 862 quam
889 787 947 846 fal·
987 789 1017 846 3.

59 881 208 940 silicatum
225 885 265 942 sit
286 890 315 942 et
335 883 404 942 iude
424 884 548 958 malum,
569 887 640 961 quia
657 885 802 943 recedunt
819 882 956 944 aDo'mi

58 999 104 1057 no,
125 998 215 1044 vers:
239 985 268 1043 1.
292 987 322 1042 2.

108 1083 192 1159 quod
209 1101 302 1142 unum
326 1084 435 1142 falsum
458 1083 495 1143 ab
517 1084 576 1143 alio
602 1100 700 1160 usque
726 1084 796 1142 dum
816 1101 876 1142 non
898 1088 957 1145 nisi
993 1089 1023 1146 3.

63 1200 150 1259 quam
167 1182 285 1260 salsum,
305 1187 417 1260 inquo,
436 1201 522 1243 vers:
546 1187 575 1244 3.
598 1189 628 1244 4.
649 1187 678 1245 5.
707 1186 867 1256 simulatio,
886 1203 954 1245 cum

61 1283 220 1354 docentur,
238 1285 319 1361 quod
335 1283 446 1360 velint,
469 1284 524 1344 sed
541 1303 637 1362 usque
659 1303 733 1358 nou,
757 1304 843 1346 vers:
867 1289 896 1346 6.
921 1291 950 1346 i.

60 1401 156 1443 annon
173 1387 313 1460 perituri,
329 1402 414 1444 vers:
438 1388 467 1444 8.

107 1484 195 1544 dolor
211 1492 336 1562 propter
360 1487 483 1545 exitium
507 1489 637 1544 omnium
654 1487 827 1561 Ecclesiae,
858 1503 954 1564 usque
994 1490 1024 1547 3.

58 1590 167 1644 utnon
186 1587 334 1663 supersit,
354 1602 439 1644 vers:
463 1588 492 1644 9.
516 1589 569 1645 10.
588 1590 641 1645 11.

105 1687 179 1762 quia
202 1686 336 1745 Verbum
359 1675 568 1761 repudiarunt,
602 1694 631 1745 et
653 1687 867 1762 cupiditatibus
889 1690 951 1746 suis
991 1691 1021 1748 3.

58 1786 269 1858 obediverunt,
299 1787 367 1846 ideo
394 1789 425 1844 iu
449 1786 533 1844 salsis
560 1785 631 1844 mali
654 1792 739 1860 sunt,
775 1803 859 1846 vers:
897 1791 951 1845 12.
984 1813 988 1820 ·

64 1889 115 1947 13.
140 1890 196 1946 14.

105 2005 200 2064 quare
217 1989 346 2064 perituri
364 2005 382 2045 a
404 1986 490 2044 malis
509 1993 539 2044 et
557 1985 626 2045 inde
644 1985 738 2060 salsis,
757 2002 846 2045 vers:
871 1989 925 2046 15.
988 1991 1018 2048 3.

103 2087 278 2147 lamentatio
297 2104 390 2164 super
408 2088 632 2156 devastatione,
663 2103 750 2146 vers:
780 2089 822 2144 16
840 2087 880 2145 ad
897 2089 949 2146 18.
988 2091 1017 2147 3.

57 2188 227 2247 lamentatio
248 2189 329 2264 quod
350 2188 418 2246 inde
435 2189 583 2258 interitus,
606 2203 692 2249 vors:
717 2189 771 2244 19.
792 2189 846 2245 20.
879 2189 950 2263 quia

57 2288 203 2348 infernale
222 2288 334 2347 malum
354 2295 384 2347 et
402 2286 511 2346 falsum
525 2287 594 2355 illis,
611 2302 698 2345 vers:
720 2289 783 2344 21.·

106 2395 141 2448 ut
158 2391 274 2448 sciatur
293 2389 374 2465 quod
391 2405 477 2447 omne
496 2388 560 2445 veri
579 2391 609 2444 et
625 2384 709 2459 boni,
731 2383 846 2444 atinde
866 2401 952 2444 omne
990 2387 1020 2445 3.

60 2491 211 2566 potentiae
242 2496 273 2549 et
303 2491 471 2566 sapientiae
498 2488 537 2544 sit
568 2503 606 2545 ex
636 2487 786 2562 agnitione
821 2484 950 2561 Domini,

58 2607 141 2649 vers:
164 2593 220 2649 22.
244 2591 300 2650 23.
616 2593 619 2598 '

104 2698 252 2767 adventus
270 2708 391 2768 Domini
416 2708 455 2766 ad
476 2707 623 2785 judicium
647 2723 740 2783 super
763 2722 866 2766 omnes
892 2710 944 2784 qui
982 2709 1035 2767 15.
1059 2711 1113 2768 11.

56 2810 84 2867 11
97 2811 228 2869 externis
243 2809 357 2886 absque
374 2811 498 2868 internis
518 2814 597 2879 sunt,
616 2824 701 2866 vers:
725 2810 783 2865 24.
805 2808 860 2866 25.
1020 2809 1075 2868 15.

105 2933 186 3010 Gap:
206 2934 254 2993 X:
282 2952 320 2992 ne
338 2903 498 2993 timeantur
513 2935 564 3010 qui
583 2950 619 2991 ex
639 2933 762 3007 proprie
778 2931 951 3008 intelligen—
991 2937 1021 2992 2.
1096 3006 1104 3022 .

58 3037 97 3093 tia
119 3042 150 3094 et
163 3052 220 3111 per
243 3042 324 3093 artes
341 3035 444 3093 valere
463 3034 577 3105 volunt,
602 3049 688 3092 vers:
712 3035 741 3090 1.
765 3036 795 3090 2.

105 3153 286 3214 describitur
304 3153 451 3229 quomodo
478 3154 591 3212 iaciunt
608 3159 643 3210 ut
667 3151 778 3208 malum
796 3157 944 3224 appareat
982 3149 1012 3207 3.
1033 3143 1089 3206 16.

57 3255 131 3313 sicut
148 3253 276 3328 bouum,
303 3260 332 3312 ct
350 3255 428 3313 sicut
447 3252 583 3320 valeant,
606 3266 690 3309 vers:
715 3251 733 3307 3
752 3249 790 3305 ad
807 3249 837 3306 5.
878 3263 945 3305 cum

57 3358 154 3413 tamcn
171 3353 255 3412 solus
273 3353 419 3413 Dominus
439 3350 533 3425 valet,
558 3365 646 3408 voret
669 3351 698 3406 6.
718 3352 746 3406 7.

103 3472 185 3548 quod
202 3471 365 3556 abutantur
378 3470 482 3531 Verbo
501 3469 539 3528 ad
553 3465 733 3539 faciendum,
752 3477 839 3524 vers:
862 3466 892 3524 8.
912 3466 942 3525 9.
982 3467 1012 3526 3.
1031 3469 1086 3526 16.

56 3587 120 3632 cum
133 3578 236 3631 tamen
248 3571 395 3630 Dominus
411 3571 494 3630 solus
508 3575 624 3645 regnat,
638 3583 725 3626 vers:
751 3568 804 3639 10,
825 3573 855 3624 et
868 3566 949 3642 quod

56 3675 103 3746 qui
120 3672 227 3748 Ipsum
244 3689 303 3730 nou
322 3677 496 3747 agnoscunt,
517 3674 709 3738 evanescant,
727 3683 814 3726 vers:
844 3670 899 3726 ll.

101 3790 193 3867 Quod
219 3807 238 3847 a
262 3789 390 3849 Domino
415 3807 501 3849 omno
526 3806 651 3858 verum,
682 3803 768 3847 vers:
805 3786 939 3845 1213.
978 3787 1033 3844 16.
1055 3789 1086 3844 2.

55 3891 132 3966 quod
149 3892 273 3967 propria
296 3889 494 3966 intelligentia
511 3905 636 3966 prorsus
662 3887 747 3946 nihili
772 3887 826 3960 sit,
863 3883 944 3961 quod
980 3884 1085 3943 3.11.

54 3991 219 4067 interitura,
238 4006 325 4069 vers;
349 3992 404 4048 14.
429 3990 489 4065 153
509 3989 595 4049 aliter
607 3986 754 4062 Ecclesia,
784 4001 861 4062 quae
873 3982 948 4044 fidet
