2528 4808
410 703 670 776 HISTORICA
696 706 852 776 VERBI.

206 861 357 920 Historica
381 861 490 936 Verbi,
526 869 679 938 aequent
712 863 892 940 Prophetica
924 863 1005 940 ejus,
1030 879 1151 922 sensum

105 962 292 1040 spiritualem
309 965 339 1020 in
357 979 390 1021 sc
409 964 577 1032 continent,
594 966 625 1020 in
646 981 704 1039 quo
722 981 781 1022 non
798 971 869 1022 sunt
881 963 1025 1023 historica
1041 963 1151 1038 mundi,

105 1070 139 1122 ut
158 1067 298 1122 insensu
316 1063 434 1137 literae,
454 1064 509 1122 sed
526 1063 670 1123 coelestia
688 1081 765 1141 quae
783 1072 963 1123 concernunt
976 1064 1151 1139 Ecclesiam,

106 1155 191 1238 etin
220 1181 360 1241 supremo
390 1180 482 1223 sensu
512 1164 685 1240 Dominum,
712 1182 835 1241 prorsus
861 1166 938 1222 sicut
962 1164 1151 1241 Prophetica.

104 1266 256 1324 Historica
272 1265 314 1323 ibi
331 1272 401 1322 sunt
419 1269 695 1343 repraesentativa,
715 1272 745 1324 et
762 1283 865 1324 omnes
884 1282 990 1324 sensus
1010 1283 1077 1324 cum
1094 1282 1150 1343 vo7

106 1367 191 1426 cibus
216 1372 288 1423 sunt
323 1367 614 1443 correspondentiae.
639 1402 690 1411 -—
715 1401 765 1412 —-
801 1366 960 1427 Sciendum
985 1372 1045 1441 θεῖ,
1074 1366 1153 1443 quod

105 1483 208 1526 omnes
227 1466 384 1526 Ecclesiae
408 1485 505 1543 usque
528 1467 567 1525 ad
588 1467 748 1527 adventum
769 1468 889 1526 Domini
913 1468 1022 1527 luerint
1045 1466 1152 1526 Eccle-

105 1570 168 1627 siae
190 1569 481 1649 repraesentativae,
512 1568 779 1645 repraesentabant
796 1568 976 1649 EcclesIam,
1004 1570 1080 1627 etin
1098 1584 1152 1626 su-

104 1687 209 1744 premo
236 1685 327 1727 sensu
350 1668 523 1743 Dominum,
551 1670 619 1727 inde
644 1671 778 1730 Verbum
797 1677 844 1728 θεῖ
868 1668 1029 1745 Spirituale
1054 1675 1084 1728 ct
1106 1676 1153 1728 est
1201 1695 1205 1706 ·

104 1771 256 1828 Divinum.
294 1768 356 1828 Sed
372 1771 648 1846 repraesentativae
662 1771 816 1830 Ecclesiae
831 1771 1014 1844 desinebant,
1034 1770 1152 1846 quando

105 1871 254 1930 Dominus
271 1874 302 1929 in
324 1870 466 1929 mundum
483 1874 578 1941 venit,
604 1875 675 1947 quia
699 1875 797 1930 omnia
815 1871 907 1930 Verbi
931 1878 991 1929 tam
1014 1871 1151 1947 Prophe-

107 1974 167 2031 tica
185 1989 275 2046 quam
294 1971 437 2030 historica
460 1972 563 2048 Ipsum
588 1971 794 2049 significabant
814 1978 845 2032 et
867 1970 1151 2047 repraesentabant:

102 2072 172 2132 inde
199 2080 246 2131 est
270 2072 349 2149 quod
373 2073 519 2132 Dominus
547 2073 663 2132 dicatur
685 2072 828 2133 Verbum.
856 2106 906 2116 —
933 2106 983 2115 —
1017 2071 1152 2130 Fuerunt

103 2184 165 2233 tres
200 2174 333 2249 insignes
365 2176 544 2233 mutationes
579 2175 781 2247 Ecclesiarum
815 2174 1149 2249 repraesentativarum,

104 2264 200 2351 prima
225 2292 303 2351 qnae
326 2275 383 2333 luit
407 2283 475 2333 ante
502 2275 647 2334 diluvium
677 2275 813 2334 vocanda
839 2281 885 2333 cst
909 2272 1048 2332 Ecclesia
1072 2275 1150 2331 anti·
1177 2265 1179 2271 ’

96 2378 263 2452 unissima,
295 2375 391 2434 altera
413 2393 490 2453 quae
517 2384 588 2451 post
615 2376 759 2435 diluvium
788 2375 927 2434 Ecclesia
956 2375 1093 2451 antiqua,
1122 2381 1153 2432 et

104 2479 193 2536 tertia
206 2494 284 2553 quae
299 2479 439 2552 antiquae
457 2479 604 2536 successit
623 2477 761 2536 Ecclesia
778 2475 946 2535 Israiilitica
964 2482 994 2533 et
1007 2474 1152 2534 ludaico:

105 2610 154 2622 —-
174 2613 220 2623 -
243 2572 461 2653 Antiquissima
477 2577 616 2636 Ecclesia
637 2578 787 2655 descripta
810 2584 856 2636 est
867 2576 973 2653 paucis
996 2593 1052 2651 per
1068 2568 1152 2637 Ada-

104 2697 185 2737 mum
210 2686 241 2737 et
266 2679 332 2756 ejus
359 2687 505 2755 posteros.
545 2680 678 2755 Antiqua
703 2678 841 2738 Ecclesia
864 2695 919 2753 per
944 2675 1100 2735 Noachurn
1121 2684 1153 2735 et

105 2781 169 2858 ejus
187 2785 340 2857 posteros,
370 2787 400 2839 ct
415 2780 585 2838 Israelitica
607 2797 642 2839 ac
665 2779 795 2841 Judaica
811 2796 866 2854 per
889 2778 1031 2837 historica
1048 2775 1152 2837 Verbi.

105 2914 152 2925 —
174 2914 225 2924 —
255 2883 371 2956 priores
389 2881 543 2939 Ecclesiae
569 2881 705 2941 similiter
724 2882 892 2957 descriptae
911 2886 996 2951 sunt,
1026 2879 1081 2938 scd
1098 2896 1154 2956 per

109 2981 388 3059 correspondentias
406 2984 561 3040 interiores
575 2985 606 3040 in
620 2982 721 3042 Verbo
736 2981 816 3059 quod
828 2988 1009 3040 memoratur
1025 2999 1044 3039 a
1057 2978 1152 3056 Mose,

108 3084 160 3142 sed
185 3083 242 3142 hoc
268 3082 401 3141 Verbum
426 3082 615 3141 obliteratum
642 3091 702 3157 est,
740 3091 770 3142 et
797 3083 864 3141 loco
891 3083 956 3157 ejus
981 3080 1083 3140 datum
1107 3089 1154 3140 est

108 3183 240 3243 Verbum
259 3183 338 3260 quod
362 3184 449 3242 hodie
473 3191 528 3242 θεῖ.
553 3220 604 3228 -
627 3220 677 3228 -
707 3184 845 3243 Ecclesia
870 3199 947 3257 quae
971 3182 1030 3240 illis
1057 3182 1153 3241 tribus

105 3287 266 3355 successit,
299 3291 346 3342 est
372 3283 509 3343 Ecclesia
540 3283 722 3358 Christiana,
762 3301 839 3360 quae
870 3281 1007 3340 Ecclesia
1034 3285 1152 3341 interna

109 3394 169 3460 est,
196 3385 335 3444 differens
354 3385 391 3443 ab
409 3384 546 3444 Ecclesia
562 3386 692 3464 Judaica
710 3387 789 3443 sicut
805 3401 864 3441 nox
888 3380 943 3439 sub
968 3381 1037 3441 luce
1062 3383 1151 3441 lunae

108 3486 144 3545 ad
176 3493 294 3546 noctem
321 3486 498 3559 obscuram3
538 3487 592 3543 sed
624 3488 693 3561 quia
722 3486 797 3543 haec
827 3481 964 3543 Ecclesia
996 3483 1036 3541 ad
1064 3482 1154 3541 finem

106 3603 191 3646 suum
209 3589 363 3664 pervenit,
388 3605 443 3662 per
469 3585 603 3644 ultimum
622 3586 775 3644 Judicium
795 3589 963 3662 peractum,
988 3601 1068 3642 nova
1089 3582 1149 3644 Ec·

107 3688 208 3764 oleata,
229 3705 306 3766 quae
324 3705 403 3746 nova
419 3687 628 3772 Hierosolyma
650 3689 681 3745 in
698 3687 882 3764 Apocalypsi
907 3681 1033 3768 vocatur
1040 3730 1048 3760 ,
1072 3702 1151 3743 nunc

107 3790 267 3849 aDomino
286 3791 464 3861 instituitur,
490 3791 538 3845 cui
555 3787 630 3847 haec
649 3805 726 3864 quae
743 3788 831 3847 hodie
849 3804 904 3863 per
925 3802 973 3844 mc
991 3786 1153 3862 vulgantur

105 3891 283 3949 inservitura
300 3897 384 3947 sunt:
409 3891 575 3947 instituitur
593 3895 623 3948 et
640 3888 719 3946 abbi.

203 3992 355 4050 Historica
384 3990 478 4050 Verbi
509 3991 539 4048 in
565 4007 680 4056 summa
704 3990 858 4049 involvunt
887 3989 963 4048 hacc
994 4005 1074 4065 quae
1101 4005 1151 4047 sc-

111 4102 246 4165 quuntur.
1044 4090 1046 4094 ’
