2528 4808
347 324 477 382 nuncu:
499 325 579 384 can.
600 325 686 390 xvu,
709 336 724 385 r
748 326 861 391 -xrx,
882 287 935 386 a
1125 337 1159 388 11

101 482 191 542 fieret
203 481 351 559 Ecclesia,
371 484 478 561 quibus
492 484 563 542 data
580 490 650 544 sunt
668 487 767 544 omnia
778 484 891 545 Divina
903 484 993 560 Vera,

104 585 177 659 quia
194 582 339 659 Verbum,
362 601 446 643 vers:
470 589 499 643 7.
518 585 547 643 8.

154 683 211 742 sed
229 684 309 759 qnod
332 684 363 742 hi
384 701 510 760 prorsus
534 685 694 761 rejecerint
713 687 811 743 omnia
833 684 998 760 Ecclesiae,
1036 690 1067 744 2.

106 789 218 841 utnon
234 787 354 859 possint
370 801 429 842 non
446 783 484 842 ab
502 783 561 843 illis
580 784 742 855 devastari,
761 801 847 844 vers:
870 787 900 843 9.
921 787 974 844 10.

157 882 239 960 quod
254 902 310 960 per
328 885 483 957 ratiocinia
501 901 538 942 ex
556 883 685 942 naturali
697 883 817 944 homine
839 885 999 946 destruite·
1037 889 1068 944 2.

105 983 164 1040 rint
186 982 256 1058 illa,
289 1001 373 1044 vers:
403 986 444 1042 11
462 984 501 1041 ad
516 985 570 1043 13.
613 990 736 1059 praetor
757 1000 871 1060 paucos
889 985 996 1055 adhuc,

106 1099 191 1141 vers:
221 1085 275 1142 14.
312 1088 364 1160 qui
390 1091 490 1142 tamen
507 1083 661 1142 naturales
681 1086 797 1143 externi
815 1084 929 1161 absque
947 1087 995 1143 iu-

61 1248 62 1251 ,
107 1188 191 1241 terno
208 1183 342 1258 fuerunt,
361 1200 446 1243 vers:
469 1183 525 1260 15.
549 1186 604 1242 16.

153 1299 249 1358 quare
274 1266 486 1342 destruxerunt
515 1282 569 1342 illa
597 1300 674 1360 quae
707 1284 879 1353 Ecclesiae,
914 1302 998 1345 vers:
1037 1290 1067 1345 2.

108 1383 161 1441 17.
187 1385 241 1452 18,

155 1482 237 1558 quod
253 1484 380 1559 perituri
398 1501 454 1560 per
476 1485 633 1543 ratiocinia
658 1502 695 1543 ex
718 1484 847 1543 naturali
870 1484 998 1558 homine,
1038 1488 1068 1543 2.
1128 1562 1130 1566 Ι

107 1588 136 1640 11
152 1581 222 1641 idco
242 1583 466 1660 dispergentur,
486 1600 570 1643 vers:
592 1586 720 1644 21121.

154 1683 237 1758 quod
254 1683 400 1742 Dominus
420 1685 487 1742 loco
504 1682 624 1743 illorum
642 1701 750 1745 novam
767 1685 936 1745 Ecclesiam
954 1685 992 1744 ab
1032 1687 1085 1742 11.

105 1781 170 1841 aliis
188 1784 378 1859 instaurabit,
405 1801 490 1845 vers:
511 1787 555 1843 22
570 1784 609 1842 ad
623 1788 680 1842 24.

112 1934 115 1939 -
154 1899 238 1977 Gap:
256 1901 373 1961 XVIH.
408 1900 489 1978 qnod
503 1901 629 1977 dicatur,
648 1905 674 1962 si
687 1908 790 1978 patres
807 1903 888 1974 mali,
907 1907 997 1963 etiam
1035 1905 1139 1962 211.

105 2004 264 2078 progenies
282 2000 363 2059 mala
381 2003 429 2073 sit,
447 2018 532 2063 vers:
558 2006 586 2060 1.
604 2006 634 2060 2.
667 2001 722 2061 sed
740 2003 820 2078 quod
836 2006 996 2079 progenies

105 2117 163 2159 non
180 2101 339 2175 damnetur
356 2108 480 2178 propter
497 2108 632 2177 patrem,
655 2101 710 2163 sed
728 2103 855 2179 quisque
873 2109 999 2179 propter

104 2217 151 2275 se,
171 2217 260 2260 vers:
283 2203 312 2260 3.
334 2205 366 2259 4.

154 2299 239 2377 quod
256 2317 294 2360 ex
307 2304 452 2377 progenie
471 2305 531 2360 sint
548 2305 600 2379 qui
616 2318 676 2361 non
693 2304 805 2362 faciunt
822 2303 917 2377 mala,
936 2320 994 2363 seu
1030 2306 1061 2362 2.
1086 2304 1139 2359 11.

106 2406 210 2459 contra
227 2400 309 2459 bona
329 2410 359 2459 et
373 2418 447 2460 vera
464 2402 635 2477 Ecclesiae,
663 2410 693 2462 et
714 2402 795 2479 quod
811 2402 855 2462 illi
872 2402 995 2462 salven-

106 2506 161 2576 tur,
181 2515 265 2559 vers:
290 2501 306 2558 5
322 2499 361 2558 ad
379 2502 408 2559 9.

151 2599 245 2658 'aliter
260 2602 423 2676 progenies
437 2617 516 2676 quae
533 2600 707 2672 malefacit,
726 2615 782 2659 seu
795 2605 899 2659 contra
910 2599 990 2659 bona
1027 2602 1057 2658 2.
1082 2602 1137 2658 11.

107 2706 135 2759 11
152 2716 226 2758 vera
238 2698 405 2774 Ecclesiae,
418 2700 507 2776 ,quod
524 2700 696 2774 damnetur,
715 2715 801 2759 vers:
826 2702 869 2759 10
885 2701 923 2759 ad
941 2703 996 2760 13.

107 2803 156 2876 qui
170 2806 272 2858 autern
288 2817 348 2859 non
365 2800 437 2859 facit
454 2803 513 2869 ita,
543 2800 624 2876 qnod
641 2799 793 2875 salvetur,
826 2817 910 2861 vers:
943 2803 997 2860 14.

107 2899 144 2957 ad
159 2891 220 2956 ί.

154 2997 210 3057 sed
223 2997 303 3074 quod
316 3003 420 3074 patros
434 2998 620 3073 damnentur,
640 3015 725 3059 vers:
748 3003 803 3059 18.
819 3000 912 3076 ‘quod
929 3004 994 3061 cui·
1035 3002 1088 3058 ll.

109 3101 151 3157 vis
168 3098 222 3156 fiat
235 3097 402 3157 secundum
420 3099 486 3175 ejus
504 3097 592 3178 iacta,
611 3115 699 3158 vers:
721 3102 776 3159 19.
794 3103 850 3159 21).

156 3196 239 3274 quod
262 3199 392 3273 impius,
422 3201 524 3274 quise
543 3201 706 3273 convertit,
738 3200 887 3274 salvetur,
917 3216 1001 3259 vers:
1040 3201 1070 3255 2.

111 3299 148 3355 21
168 3296 208 3356 ad
228 3299 283 3357 23.

155 3420 186 3474 et
204 3415 286 3492 quod
301 3418 380 3490 pius,
400 3417 426 3474 si
444 3415 477 3474 fit
494 3419 613 3493 impius,
634 3416 805 3489 damnetur,
829 3431 915 3477 vers:
943 3416 999 3473 24.
1038 3417 1069 3470 2.

153 3535 234 3612 quod
250 3534 308 3594 hoc
327 3540 358 3593 et
374 3533 449 3593 illud
462 3535 598 3610 justitiae
619 3533 749 3593 Divinae
768 3535 816 3603 sit,
834 3547 922 3591 vera:
949 3532 993 3590 25

109 3635 143 3693 ad
162 3637 219 3694 29.

150 3752 327 3812 Exhortatio
351 3759 385 3812 ut
402 3770 436 3812 se
454 3758 647 3824 convertant,
676 3753 747 3828 quia
763 3750 910 3810 Dominus
937 3749 1002 3814 vult
1040 3754 1070 3809 2.

107 3853 233 3912 omnium
250 3852 496 3937 salutem„vors:
519 3851 688 3913 3011132.

152 3976 235 4053 Gap:
260 3976 350 4037 XIX.
382 3976 462 4053 quod
480 3979 611 4053 primum
624 3976 782 4037 Ecclesiae
800 3974 882 4052 apud
899 3981 1003 4052 patres
1040 3976 1071 4032 2.
1166 3969 1173 3977 “

104 4077 200 4152 gentis
218 4074 408 4137 Israeliticas
426 4075 516 4137 fuerit
534 4075 695 4138 destruens
714 4078 814 4137 omnia
830 4072 994 4146 Ecclesiae,

104 4178 289 4236 1111112.
