2528 4808
389 278 521 332 lERlllll:
543 280 622 338 CAP.
643 280 677 348 11,
699 291 734 343 31
759 281 840 348 -Ν,
861 291 889 342 2.
1129 295 1164 345 27

161 439 359 515 quod'tamen
376 454 435 495 non
453 455 472 496 a
489 439 616 501 Domino
635 441 731 501 relicti
749 444 821 517 sint,
852 442 907 500 sed
926 443 1005 518 quod
1043 445 1072 502 3.

107 540 153 597 illi
171 539 347 614 reliquerint
365 538 485 614 Ipsum,
505 557 591 599 vers:
614 544 668 600 31.
688 545 742 602 32.

164 639 244 716 quod
260 645 395 716 pugnent
413 639 452 697 ad
469 641 702 700 confirmandum
719 641 772 700 illa
789 659 844 719 per
861 641 1004 701 falsifica·
1043 646 1072 703 3.

108 743 207 799 tiones
227 739 329 814 Verbi,
350 756 435 798 vers:
459 742 514 800 33.
538 744 592 801 34.
615 741 703 820 [35.]

160 839 347 916 quodetiam
372 839 613 903 confirmaverint
637 843 692 900 illa
716 861 771 919 per
793 845 949 902 ratiocinia
967 861 1003 902 ex
1042 847 1071 902 3.

104 940 237 999 naturali
253 941 388 1011 homine,
406 959 492 1000 vers:
514 944 570 1016 36,

158 1041 241 1116 quod
257 1047 358 1100 tamen
376 1041 615 1102 confirmationes
635 1045 694 1102 sint
714 1044 807 1113 nihili,
824 1061 907 1103 vers:
931 1048 984 1105 37.
1042 1048 1072 1105 3.

161 1141 242 1218 Cap:
260 1141 322 1200 HI:
358 1142 405 1200 De
430 1141 568 1201 Ecclesia
592 1144 756 1219 spirituali,
786 1161 841 1202 seu
868 1144 1002 1203 deveris
1040 1149 1070 1203 1.

105 1241 282 1317 Ecclesiae,
320 1242 400 1318 quod
425 1243 571 1305 abluerint
604 1250 633 1302 et
663 1244 887 1305 falsificavcrint
909 1223 998 1321 vcra,

106 1358 195 1400 vers:
218 1346 247 1401 1.
265 1346 295 1402 2.
315 1338 325 1387 f

158 1444 238 1518 qnod
258 1461 318 1502 non
335 1461 409 1502 vera
426 1443 540 1503 vellent
557 1445 733 1522 intelligere,
758 1463 842 1505 vers:
864 1448 894 1519 3,
923 1447 1001 1521 quod
1039 1451 1069 1504 2.

104 1542 205 1601 solum
229 1544 364 1602 Verbum
388 1547 417 1602 in
448 1545 535 1603 litera
561 1549 692 1604 exterius
718 1548 908 1624 agnoverint,
941 1565 999 1605 non
1098 1564 1102 1575 ¹

104 1649 209 1700 tamen
228 1660 296 1702 cum
310 1645 379 1714 1110,
397 1645 451 1703 scd
466 1663 533 1703 cum
551 1647 644 1721 falsie,
665 1664 751 1706 vers:
771 1651 802 1705 4.
823 1649 851 1706 5.
1076 1631 1078 1638 ’

160 1744 248 1820 Quod
271 1745 409 1803 Ecclesia
427 1746 527 1822 quoad
544 1765 634 1818 vera,
657 1741 862 1808 falsificaverit
882 1748 948 1821 illa,
975 1756 1005 1806 et
1042 1752 1071 1806 2,

101 1861 165 1903 non
183 1844 314 1904 voluerit
326 1845 490 1920 reformari,
511 1864 595 1906 vers:
619 1851 649 1905 6.
669 1852 697 1905 7.

142 1945 237 2020 ·quod
261 1945 359 2005 simile
388 1946 525 2005 Ecclesia
551 1948 691 2006 coelestis
722 1965 779 2007 seu
803 1948 903 2025 quoad
926 1949 1005 2006 bona
1043 1941 1072 2006 2'.

104 2045 230 2120 fecerit,
242 2047 338 2122 cuod
355 2047 433 2106 sicut
450 2065 525 2106 vera
549 2049 591 2105 ita
610 2064 729 2123 quoque
747 2049 827 2107 bona
845 2050 999 2107 adultera·

102 2149 194 2222 verit,
216 2164 301 2206 vers:
325 2152 354 2206 7.
378 2149 407 2205 8.
431 2151 460 2206 9.
1153 2225 1155 2229 ¹

158 2247 238 2323 quod
254 2247 333 2333 salsa
350 2248 421 2307 mali
441 2249 550 2318 colant,
569 2253 599 2306 01
616 2248 685 2322 plus
702 2251 902 2325 perverterint
920 2250 999 2308 bona
1037 2254 1068 2308 2.

103 2365 196 2430 quam
213 2365 295 2423 vera,
314 2365 401 2407 vers:
425 2351 480 2407 10.
505 2353 559 2406 11.
974 2332 976 2336 ἲ

155 2449 284 2508 hortatio
303 2449 342 2506 ad
359 2449 553 2526 reJectionem
564 2449 640 2517 lalsi,
659 2455 688 2507 et
705 2451 909 2524 receptionem
926 2451 999 2522 veri,
1039 2452 1069 2506 2.

102 2556 138 2607 ut
157 2551 194 2607 sit
215 2551 384 2626 conjunctio
406 2557 436 2609 01
457 2550 608 2622 Ecclesia,
644 2566 727 2607 vers:
763 2552 817 2606 11.
855 2550 908 2607 13.
944 2549 998 2623 11,

104 2656 135 2709 01
159 2656 232 2708 tunc
260 2652 402 2726 cognitio,
426 2667 511 2708 vers:
536 2650 589 2706 15.
817 2658 820 2663 ·

158 2751 325 2826 quodcum
343 2753 426 2809 venit
443 2751 606 2820 DominuS,
631 2767 690 2808 nou
711 2750 840 2826 amplius
863 2749 996 2806 futurum
1036 2752 1063 2806 1.
1084 2752 1138 2807 11.

102 2853 397 2927 repraesentativum
411 2851 585 2919 Ecclesiae,
611 2850 666 2908 sed
683 2850 837 2924 Ecclesia,
861 2849 912 2908 ubi
928 2849 999 2926 Ipse

102 2950 250 3010 Dominus
269 2950 335 3010 loco
358 2931 454 3024 illius,
474 2967 562 3008 vers:
586 2953 640 3009 16.
662 2955 715 3010 17.
735 3019 737 3026 Ι

155 3071 235 3145 quod
269 3077 340 3129 tunc
375 3088 480 3129 verum
517 3076 547 3129 01
589 3071 701 3128 bonum
736 3087 828 3148 unum
862 3069 988 3137 sacient,
1040 3072 1095 3125 11.

102 3186 189 3229 vers:
217 3173 272 3229 18.

154 3289 191 3348 de
208 3289 268 3348 illis
292 3293 343 3367 qui
366 3289 519 3348 accessuri
547 3289 628 3364 quod
654 3287 817 3364 adoptandi
841 3293 875 3344 ut
900 3287 954 3344 11111
977 3303 996 3344 0
1033 3289 1088 3344 11.
1110 3288 1139 3344 3.

102 3389 248 3459 Domino,
277 3407 363 3449 vers:
382 3393 448 3455 19.
498 3388 554 3446 sed
577 3389 658 3465 quod
687 3387 825 3446 Ecclesia
854 3401 1001 3460 perversa

102 3489 182 3548 lacta
200 3491 254 3563 sit,
273 3507 356 3550 vers:
378 3493 434 3563 20,
911 3492 913 3496 ’

154 3609 266 3682 agnitio
286 3614 316 3667 et
337 3608 486 3666 consessio
504 3606 624 3665 illorum
647 3606 697 3680 qui
717 3621 734 3662 0
757 3620 837 3661 nova
857 3602 995 3663 Ecclesia
1034 3607 1087 3663 11.

105 3713 205 3782 erunt,
226 3707 307 3783 quod
325 3708 405 3766 falsa
428 3714 458 3766 et
475 3707 555 3770 mala
572 3707 643 3781 illis,
662 3721 747 3764 vers:
770 3704 940 3763 110115.

155 3831 235 3908 Cap:
258 3832 315 3892 IV.
356 3833 532 3893 Exhortatio
567 3838 601 3890 ut
632 3818 780 3891 desistant.
811 3848 830 3889 a
856 3830 942 3889 malis
974 3837 1003 3889 01
1040 3836 1070 3890 2.

107 3939 268 4009 agnoscant
299 3932 477 4005 Dominum,
514 3949 551 3992 ex
576 3951 634 4010 quo
662 3931 790 3990 salvatio
815 3931 874 3990 illis
895 3933 950 4016 ¹qui
969 3931 998 3987 in

105 4029 187 4091 bonis
210 4039 240 4091 et
257 4035 338 4092 veris
358 4039 439 4104 sunt,
456 4048 543 4090 vers:
569 4037 599 4091 1.
622 4037 651 4090 2.
753 4059 756 4063 ²

153 4154 211 4211 nisi
225 4152 371 4211 desistant
386 4157 414 4212 et
430 4157 605 4210 convertant
621 4168 664 4221 se,
684 4151 764 4228 quod
779 4165 902 4227 prorsus
918 4150 1000 4226 peri·
1040 4151 1070 4204 2.
