2528 4808
386 314 518 371 PSALMa
540 314 622 381 LVII,
645 327 659 377 l
683 315 817 383 -Lxffl,
839 325 883 377 11·
1111 323 1163 376 105

99 477 245 535 tatianum
270 491 336 534 cum
360 475 500 550 Inseruis,
535 492 612 550 quae
639 475 743 550 Ipsum
774 475 996 552 aggrediuntm,

99 591 187 634 vers:
216 576 288 633 lad
307 576 337 633 6.

152 674 267 734 malitia
285 693 388 735 eormn
403 681 507 734 contra
524 675 645 752 Ipsum,
664 693 748 735 vers:
772 679 801 736 5.
821 682 849 735 7.
1034 682 1062 735 l.

152 775 264 834 fiducia
287 794 325 835 ex
347 775 455 835 Divino
482 792 551 851 suo,
584 793 669 835 vers:
708 779 738 835 8.
767 779 796 836 9.
831 776 992 837 celebratio
1032 779 1061 836 8.

99 877 201 937 Patris
221 883 398 953 propterea,
418 893 503 936 vers:
528 880 570 936 10
585 877 624 935 ad
642 880 696 935 11.

152 978 209 1036 Pr:
236 972 350 1035 LVIII.
389 977 500 1037 Contra
524 976 592 1036 illos
619 979 670 1054 qui
693 983 763 1036 tnnc
789 977 826 1036 ab
849 977 994 1052 Ecclesia,
1033 980 1064 1039 t.

101 1080 155 1154 qui
182 1077 263 1135 mala
285 1079 494 1153 cogitaverunt
520 1085 624 1138 contra
656 1078 830 1152 Dominum,
865 1078 945 1154 quod
968 1081 999 1137 in

100 1195 185 1237 mere
205 1177 290 1237 falsis
309 1178 380 1236 mali
397 1181 472 1254 sint,
507 1179 671 1256 exquibus
696 1184 839 1255 pereunt,
867 1194 952 1253 vers:
978 1183 991 1236 l
1033 1182 1064 1237 4.
1088 1209 1091 1215 ·

100 1278 140 1337 ad
159 1281 213 1337 10.

153 1385 187 1437 ut
213 1380 255 1438 illi
277 1383 328 1455 qui
355 1381 486 1439 inbono
516 1387 587 1439 sunt
612 1382 733 1440 veniant
759 1382 788 1438 in
814 1379 989 1454 Ecclesiam,
1030 1383 1084 1437 ll.

98 1496 187 1539 vers:
211 1484 336 1539 11.12.

152 1581 210 1639 Ps:
228 1580 309 1639 LIX.
342 1580 447 1640 Oratio
467 1581 506 1639 ad
523 1582 645 1640 Patrem
664 1580 701 1639 de
720 1580 779 1638 illis
799 1583 850 1657 qui
869 1587 938 1639 tunc
956 1579 993 1638 ab
1033 1583 1087 1639 13.
1107 1583 1136 1638 9.

100 1680 255 1756 Ecclesia·
288 1682 369 1757 quod
392 1681 495 1758 Ipsum
513 1681 641 1758 perdere
668 1688 698 1741 et
718 1682 854 1740 occidere
878 1681 1000 1753 vellent,

102 1799 170 1840 cum
188 1788 288 1840 tamen
307 1783 462 1856 innocenS,
481 1799 567 1840 vers:
591 1785 605 1839 1
626 1782 665 1839 ad
682 1787 711 1840 1.

153 1882 234 1957 quod
244 1900 281 1942 ex
293 1882 378 1941 falsis
392 1891 495 1941 contra
509 1900 582 1942 vera
595 1890 738 1959 pugnent,
753 1899 839 1941 vers:
863 1886 892 1942 8.
914 1881 992 1940 fidu·
1034 1888 1062 1940 1,
1081 1884 1111 1939 9.

102 1984 150 2042 cia
162 1985 193 2040 in
207 1983 337 2058 Patrem,
358 2000 437 2042 vers:
460 1982 592 2042 911111.
613 1989 679 2041 crat
693 2000 749 2058 pro
765 1981 834 2055 illis,
849 1998 918 2040 vers
939 1986 993 2039 12.

153 2083 234 2158 quod
252 2091 350 2142 sernet
366 2086 450 2159 ipsos
476 2083 621 2160 perdant,
654 2099 738 2141 vers:
769 2084 822 2166 13.
850 2084 903 2140 14.
940 2099 996 2157 per
1034 2084 1063 2140 8.

102 2183 263 2259 malitiam,
292 2201 377 2243 vers:
409 2187 464 2244 15.
491 2186 545 2243 16.
578 2184 688 2243 fiducia
706 2182 743 2243 de
761 2182 887 2258 auxilio,
912 2198 997 2240 vers:

107 2287 162 2342 11.
182 2285 237 2342 18.

152 2385 209 2443 Ps:
229 2384 295 2444 LX.
322 2383 496 2444 lamentatio
510 2384 631 2443 Domini
644 2385 724 2460 quod
737 2384 860 2444 relictus
874 2385 922 2457 sit,
938 2400 998 2441 una
1036 2384 1065 2440 6.

103 2503 170 2544 curn
188 2485 341 2559 Ecclesia,
372 2500 459 2546 versa
489 2490 502 2543 l
520 2485 559 2543 ad
574 2488 602 2545 5.
631 2485 742 2543 fiducia
759 2485 796 2543 de
814 2484 999 2556 liberatione,

102 2601 187 2645 vers:
210 2588 239 2645 6.
261 2591 290 2643 7.

154 2684 235 2762 quod
259 2685 398 2745 Ecclesia
420 2688 539 2746 iuterna
560 2693 590 2745 et
614 2692 738 2745 externa
754 2688 943 2744 instituatur:
969 2684 1000 2740 in
1037 2683 1166 2741 11.10.

104 2803 244 2861 supremo
267 2802 361 2845 sensu
386 2773 423 2846 de
450 2787 589 2845 Humano
614 2787 733 2845 Domini
758 2786 839 2863 quod
858 2785 1001 2846 Divinum

103 2885 168 2960 fiet,
193 2903 278 2945 vers:
302 2887 446 2946 8adll.

158 3004 196 3046 ex
213 2989 337 3063 propria
350 2991 499 3064 potentia,
519 3004 605 3046 vers:
629 2991 684 3046 11.
711 2994 792 3047 etex
806 2987 916 3046 Divino
932 3003 997 3062 suo,
1038 2988 1092 3044 11.
1112 2986 1166 3043 10.

55 3084 60 3094 ’
106 3089 267 3146 vers213.
287 3089 342 3145 14.

152 3188 208 3246 Ps':
227 3186 308 3246 LXI.
348 3186 511 3248 celebratio
539 3173 638 3246 Patris
666 3204 685 3245 a
715 3188 843 3247 Domino
875 3194 999 3263 propter
1038 3185 1166 3244 1610..

106 3287 262 3360 auxilium,
288 3303 374 3346 vers:
399 3292 412 3345 1
434 3287 519 3345 1116.
554 3294 584 3346 et
600 3294 725 3364 propter
742 3291 896 3356 unionem,
914 3304 1000 3347 vers:

108 3387 179 3445 lad
196 3389 226 3445 9.

154 3487 210 3546 Pe:
228 3485 326 3546 LXII.
355 3487 501 3549 consessio
517 3486 598 3563 quod
611 3485 669 3544 soli
681 3486 792 3544 Divino
805 3487 951 3562 potentia,
970 3491 1000 3544 et
1037 3487 1067 3544 8.

106 3586 143 3645 ab
160 3587 212 3646 illo
228 3587 380 3662 auxilium,
401 3605 487 3646 vers:
516 3585 775 3645 1111361119.
799 3585 927 3644 1213.

154 3687 235 3764 quod
258 3687 331 3746 nihil
361 3688 485 3747 valeant
517 3693 621 3745 contra
650 3686 807 3760 Divinum,
845 3702 931 3745 vers:
963 3687 994 3743 4.
1035 3687 1065 3742 8.

109 3789 214 3846 810.

153 3888 210 3947 Ps:
231 3887 345 3948 LXIII.
373 3887 567 3948 Desiderium
583 3894 612 3947 et
625 3905 708 3947 amor
720 3887 841 3946 Domini
859 3894 891 3946 ut
908 3888 995 3946 unia·
1036 3887 1090 3943 10.

105 3993 150 4051 tur
166 3990 277 4048 Divino
295 4005 360 4063 suo,
379 4005 466 4048 vers:
490 3993 503 4047 1
524 3989 563 4047 ad
577 3991 607 4047 8.

155 4089 235 4165 quod
252 4090 378 4166 perituri
395 4091 445 4166 qui
464 4107 501 4149 cx
520 4089 604 4148 falsis
623 4089 706 4164 mali,
741 4089 792 4165 qui
817 4089 996 4148 insidiantur
1034 4088 1064 4144 3.

104 4187 174 4267 Ipsi,
195 4206 278 4250 vers:
302 4191 354 4248 16.
376 4193 428 4248 11.
