2528 4808
134 333 187 387 101
415 319 549 376 esseut:
572 319 668 385 xum,
693 329 706 378 1
730 317 850 384 -xtv,
874 282 937 379 1ss

162 485 192 547 6.
217 485 271 541 13.
324 481 383 540 Ρες
406 478 518 539 XLIH.
560 479 701 538 Gravitas
728 480 926 537 tentationum
952 477 1074 536 Domini
1099 495 1195 554 usquc

301 581 340 639 ad
358 581 610 657 desperationem,
629 594 698 637 νοτε
708 599 720 652 ςι
742 582 770 636 l.
789 582 819 636 2.

166 687 195 743 6.
220 685 274 741 13.
328 682 422 740 oratio
446 679 485 737 ad
506 680 627 738 Patrem
652 685 685 736 ut
707 678 848 736 Divinum
864 678 979 737 Verum
1000 677 1105 754 Ipsum
1123 696 1195 737 con-

302 783 408 854 fortet,
429 796 513 839 νοτες
537 782 567 845 3.
585 783 616 837 4.
637 778 811 848 consolatio,
830 795 915 837 νοτες
940 779 968 837 5.

169 887 223 944 11.
247 887 277 940 2.
328 882 387 940 Ρες
414 879 526 939 XLIV.
560 879 640 956 quod
664 877 802 938 Ecclesia
827 879 908 955 apud
932 882 1071 956 antiquos
1092 896 1111 937 a
1130 879 1195 938 Do-

302 984 381 1040 mino
399 984 565 1039 instaurata
584 981 636 1054 sit,
657 979 761 1054 ejectis
781 979 878 1050 malis,
896 996 982 1038 νοτες
1007 984 1020 1037 1
1041 979 1080 1037 ad
1097 981 1125 1038 5.

217 1086 271 1141 ll.
326 1080 414 1157 Quod
425 1081 481 1139 hoc
498 1099 516 1137 a
529 1080 595 1138 Deo
611 1087 641 1138 et
652 1096 711 1137 non
726 1079 765 1137 ab
780 1080 898 1139 homine
916 1081 1028 1138 sactum
1041 1082 1088 1151 sit,
1107 1097 1193 1140 vers:

306 1181 380 1239 bad
396 1184 424 1240 9.

242 1284 271 1341 3.
323 1281 404 1358 quod
423 1287 524 1340 tamen
541 1296 637 1356 usque
656 1297 734 1338 nunc
751 1280 873 1338 r‘aleant
893 1281 1009 1338 inferna
1028 1295 1120 1356 super
1140 1281 1194 1357 lp·

302 1399 385 1456 sum,
418 1384 495 1440 sicut
512 1398 572 1440 non
593 1380 671 1438 soret
688 1382 861 1456 praesentia
881 1380 1004 1454 Divina,
1038 1380 1117 1439 [inde
1138 1399 1195 1440 non

301 1482 452 1556 Ecclesia,
477 1498 562 1539 vers:
586 1482 629 1538 10
645 1479 684 1538 ad
701 1482 755 1539 13.
773 1482 847 1538 20.4

193 1587 221 1642 6.
245 1584 275 1641 3.
329 1582 408 1658 quod
423 1581 648 1656 blasphemetur
666 1598 684 1638 a
701 1580 787 1639 malis
806 1584 837 1639 in
855 1581 1004 1656 Ecclesia,
1032 1599 1122 1640 vers:
1151 1585 1193 1640 14

302 1681 341 1739 ad
361 1685 423 1756 173
1203 1688 1210 1696 '

159 1850 162 1855 ,
217 1784 271 1840 10.
325 1799 391 1840 cum
415 1788 515 1840 tamen
543 1781 606 1857 Ipsi
629 1783 783 1856 integritas
808 1783 862 1854 sit,
893 1797 978 1839 νοτες
1016 1782 1058 1839 18
1080 1781 1119 1840 ad
1140 1785 1195 1839 22.

305 1881 384 1957 quod
403 1882 464 1941 talc
478 1881 543 1958 Ipsi
557 1890 681 1958 propter
693 1882 844 1956 Divinum,
865 1898 947 1940 νοτες
970 1882 1025 1953 23,

243 1986 272 2041 6.
326 1991 359 2040 ut
376 1985 478 2058 itaque
494 1982 635 2041 Divinum
653 1981 832 2058 opituletur,
850 1999 936 2042 νοτες
959 1985 1013 2039 24.
1032 1985 1074 2039 27
1082 2027 1087 2038 .
1117 1981 1196 2057 quod

303 2086 392 2142 sitin
417 2090 548 2143 extremo
575 2084 772 2141 tentationum
793 2089 887 2156 statu,
920 2084 998 2141 sicut
1027 2082 1194 2155 deseratur,

301 2200 386 2243 vers:
408 2185 540 2243 1126.

218 2289 271 2343 16.
325 2285 378 2342 Ps:
396 2282 491 2342 XLV.
520 2283 556 2341 de
577 2281 791 2358 glorificatione
809 2282 939 2340 Humani
957 2282 1095 2355 Domini,
1114 2282 1193 2341 etde

304 2383 396 2444 Coelo
415 2389 445 2443 et
460 2382 598 2442 Ecclesia
616 2381 654 2439 ab
674 2380 755 2458 Ipso.
792 2382 926 2442 Verbum
950 2382 1141 2459 magnificum
1158 2382 1194 2440 de

302 2484 444 2556 Domine,
465 2482 546 2542 etde
565 2483 772 2559 conjunctione
792 2499 859 2541 cum
874 2482 962 2559 Ipso,
981 2499 1067 2542 vers:
1092 2487 1120 2541 1.
1139 2487 1169 2540 2.

217 2587 271 2646 16.
326 2584 405 2660 quod
421 2583 563 2642 Divinum
581 2600 686 2641 vcmm
704 2581 761 2641 soli
778 2582 843 2659 Ipsi
860 2586 908 2653 sit,
932 2599 1014 2642 vers:
1038 2585 1066 2642 3.

242 2687 270 2743 8.
324 2684 402 2759 quod
426 2701 480 2758 per
497 2682 637 2740 Divinum
656 2683 769 2742 Verum
791 2690 929 2757 potenter
945 2685 1050 2743 vicerit
1067 2685 1193 2759 inferna,

303 2799 384 2841 vers:
406 2782 478 2839 lad
492 2784 521 2840 6.

217 2887 271 2942 10.
326 2883 405 2958 quod
421 2881 485 2957 Ipsi
503 2900 626 2958 regnum
643 2885 674 2940 in
692 2891 860 2958 aeternum,
879 2901 948 2943 νοτε
971 2891 1000 2943 7.

136 2983 200 3043 NB.
217 2987 271 3042 10.
324 2981 403 3058 quod
428 2981 601 3040 Humanum
630 2983 772 3041 Divinum
796 2985 915 3058 fecerit,
947 3002 1002 3061 per
1027 2987 1072 3060 id,
1110 3003 1192 3045 νοτες

308 3086 337 3141 ο.
362 3061 453 3143 off

217 3185 271 3240 12.
325 3181 404 3257 quod
421 3183 489 3241 inde
507 3164 570 3258 Ipsi
589 3183 713 3243 Ocelum
734 3191 764 3243 et
781 3184 932 3259 Ecclesia,
962 3188 1012 3261 qui
1030 3189 1061 3245 in
1079 3187 1194 3245 Divinis

301 3285 380 3341 veris
395 3283 433 3340 ab
454 3283 540 3359 Ipso,
566 3301 647 3342 νοτες
677 3287 706 3342 9.
742 3285 821 3359 quod
844 3284 1016 3344 affectiones
1040 3289 1105 3347 veri
1128 3286 1193 3346 iude

301 3385 367 3458 sint,
392 3387 423 3442 in
438 3385 545 3460 quibus
560 3387 720 3444 societates
738 3383 815 3443 coeli
831 3393 913 3460 sunt,
928 3402 1014 3444 vers:
1038 3389 1094 3446 10.

216 3488 269 3542 11.
323 3484 370 3543 De
387 3485 526 3544 Ecclesia
544 3485 596 3544 ubi
611 3484 759 3555 Verbum,
782 3491 814 3541 ut
831 3487 954 3544 recedat
972 3487 1009 3544 ab
1029 3487 1192 3546 allectioni-

302 3585 358 3642 bus
380 3586 524 3643 naturalis
539 3586 676 3654 hominia,
693 3601 777 3644 νοτες
807 3588 861 3642 11.

215 3687 268 3740 11.
324 3685 402 3758 quod
417 3687 461 3742 sic
478 3686 577 3743 futura
591 3670 630 3743 sit
645 3685 784 3744 Ecclesia
802 3685 930 3760 Domini,
953 3704 1038 3746 vers:
1076 3692 1137 3746 la:
1167 3693 1194 3746 et

303 3782 381 3857 qnod
401 3785 443 3841 sic
461 3784 505 3841 illi
523 3789 706 3862 cognitiones
724 3787 787 3844 veri
807 3792 836 3842 et
857 3787 940 3861 boni,
974 3805 1041 3846 eum
1062 3789 1192 3848 scientiis

300 3883 539 3958 inservientibus
560 3878 640 3944 νοτες
664 3888 706 3944 13
722 3887 760 3943 ad
776 3887 829 3944 15.

138 3985 192 4041 11.
216 3985 269 4040 16.
324 3983 403 4058 quod
428 3984 471 4041 sic
496 3984 662 4060 conjunctio
689 4004 755 4044 curn
771 3985 899 4046 Domino
924 3990 955 4045 in
980 3989 1080 4064 coelo,
1109 4004 1191 4048 νοτες

303 4086 356 4142 16.
387 4083 465 4159 qued
482 4085 623 4160 primaria
641 4104 712 4144 vera
728 4086 788 4154 illi,
806 4105 890 4145 νοτες
913 4092 966 4145 17,

137 4186 192 4243 11.
213 4185 267 4240 16.
323 4183 401 4261 quod
418 4185 558 4245 universa
576 4186 713 4247 Ecclesia
732 4189 842 4247 serviet
858 4187 1002 4263 Domino,
1026 4207 1112 4249 νοτες
1139 4192 1189 4247 18.
