2528 4808
111 338 146 389 61)
330 327 462 381 EZECH:
484 326 564 386 CAP.
587 326 675 381 XXII.
700 337 735 387 36
759 325 895 381 -ΧΧΝε
918 335 943 387 5.

139 488 169 545 3.
189 488 243 545 15.
298 488 378 562 quod
395 506 455 549 nen
473 487 586 563 aliquid
603 489 748 562 supersit,
775 502 861 545 vers:
890 488 945 561 30,
984 485 1066 564 qued
1082 492 1169 567 peri·

275 589 333 645 turi
351 590 381 646 in
398 589 528 661 inferno,
547 603 633 645 vers:
658 587 713 644 31.

214 689 244 744 2.
298 686 379 763 Cap:
398 687 517 747 XXIII.
552 687 589 744 de
607 685 745 744 Ecclesia
763 702 841 760 quae
858 687 888 743 iu
908 703 979 746 vere
998 695 1029 747 et
1048 688 1085 747 de
1104 689 1166 748 Ec-

277 785 370 846 clesia
394 804 472 865 quae
496 786 635 844 inbono.
690 783 777 860 Quod
800 785 888 844 binae
913 786 1070 848 Ecclesiae
1089 791 1168 860 siut,

276 903 336 944 una
354 890 474 962 quaein
492 903 573 956 vero,
593 902 670 961 quae
690 883 841 958 Samaria,
861 891 892 944 et
909 885 1019 963 altera,
1040 907 1119 965 quae
1137 892 1167 947 in

277 986 363 1061 benc,
384 1005 461 1065 quae
479 984 704 1061 Hierosolyma,
735 1001 820 1044 vers:
857 988 887 1043 1.
905 989 935 1044 2.

215 1090 245 1143 2.
299 1092 425 1164 utraque
452 1093 575 1147 externa
597 1083 759 1158 naturalis,
787 1087 870 1144 initio
887 1103 1050 1161 perversa,
1077 1104 1164 1146 vers:

280 1187 310 1245 3.
331 1188 360 1245 4.

164 1289 194 1342 2.
217 1287 246 1345 3.
298 1289 378 1361 quod
403 1287 538 1348 Samaria
563 1283 766 1343 falsificaverit
790 1302 862 1343 vera
880 1284 973 1345 Verbi
996 1305 1052 1363 per
1069 1289 1164 1346 ratiu-

274 1387 352 1444 cinia
375 1405 412 1447 ex
437 1386 621 1457 scientificis,
651 1399 736 1442 vers:
770 1385 787 1443 5
806 1385 844 1442 ad
864 1388 894 1444 3.
929 1387 1009 1463 qued
1032 1390 1076 1446 sic
1096 1404 1165 1446 cor-

247 1558 249 1562 ,
275 1492 365 1561 rupta
383 1491 429 1562 sit,
450 1503 535 1545 vers:
560 1488 589 1542 9.
609 1487 663 1542 10.

164 1589 195 1642 2.
218 1586 248 1644 3.
302 1587 382 1661 quod
424 1585 633 1660 Hierosolyma
675 1583 809 1643 similiter
843 1585 1049 1646 falsificaverit
1072 1579 1165 1659 vera,

274 1701 358 1743 vers:
382 1689 422 1744 11
443 1686 553 1758 11113,
582 1684 706 1759 etquod
718 1685 842 1761 Insuper
855 1686 1069 1746 adulteraverit
1087 1687 1167 1745 bona

272 1801 327 1858 per
345 1787 440 1859 varia,
465 1801 549 1844 vers:
574 1787 615 1841 14
632 1783 738 1842 adli.
762 1839 767 1846 ,
903 1848 907 1863 ,

144 1897 148 1905 ’
213 1888 243 1943 2.
299 1885 379 1959 quod
396 1887 584 1960 separaverit
601 1900 634 1942 se
652 1900 708 1959 per
724 1884 791 1941 ida
813 1884 955 1957 Domine,
987 1904 1072 1947 vers:
1108 1890 1162 1947 18.

274 1990 304 2042 et
333 2003 389 2061 per
420 1984 583 2044 scientifica
608 1983 752 2045 naturalis
776 1983 903 2044 hominis
928 1987 1058 2063 amplius
1090 2004 1166 2047 ecn-

273 2087 461 2160 spurcav'erit
477 2085 544 2158 illa,
564 2101 648 2142 vers:
670 2086 725 2141 20.
743 2087 798 2142 21.

189 2182 242 2242 13.
297 2185 377 2260 qued
403 2184 450 2244 die
470 2184 577 2260 judicii
597 2198 722 2259 prorsus
746 2186 873 2259 perituri
896 2188 969 2261 sint,
1001 2203 1087 2246 vers:
1116 2190 1163 2244 22
1223 2192 1225 2195 ’

272 2283 310 2341 ad
330 2285 386 2342 25.
424 2283 503 2360 qued
525 2284 568 2341 sic
592 2299 666 2340 vera
690 2288 720 2340 et
743 2283 822 2343 bona
843 2286 998 2345 Ecclesiae
1019 2304 1078 2346 nen
1097 2305 1164 2345 am·

271 2382 350 2458 plius
363 2388 588 2459 pervertentur,
611 2397 695 2440 vers:
716 2384 772 2440 26.
795 2388 850 2442 27.

189 2485 242 2542 15.
294 2490 381 2542 erunt
397 2485 429 2541 in
445 2484 560 2542 inferno
585 2482 637 2540 ubi
660 2499 718 2540 non
742 2484 800 2542 nisi
825 2501 914 2560 quam
930 2486 1011 2545 mala
1028 2493 1059 2545 et
1076 2485 1166 2562 salsa,

272 2599 357 2642 vers:
378 2584 422 2642 23
440 2582 479 2642 ad
493 2585 548 2642 31.
582 2582 766 2658 quodetiam
783 2586 814 2642 iu
832 2587 926 2644 cmnis
940 2585 1160 2647 111111Ιεί111-

272 2685 361 2756 tione,
381 2698 466 2741 vers:
489 2685 532 2741 32
549 2682 588 2740 ad
606 2684 661 2741 34.

161 2802 193 2856 4.
217 2801 245 2858 3.
300 2806 330 2858 11
346 2799 404 2859 hcc
422 2801 493 2875 quia
510 2807 696 2875 negaverunt
708 2801 877 2877 Dominum,
896 2819 982 2862 versa
1004 2805 1060 2864 35.

298 2899 380 2974 quod
402 2899 606 2957 destruxerim
632 2903 730 2959 emnia
751 2908 856 2960 sancta
877 2902 1049 2974 Ecclesiae,
1074 2922 1163 2965 vers:

274 2999 316 3056 36
332 2997 370 3055 ad
387 2999 441 3058 39.

212 3117 242 3173 3.
297 3115 377 3191 quod
399 3133 500 3175 ceram
525 3115 591 3175 aliis
619 3117 800 3194 jactaverint
823 3135 857 3177 se
886 3137 923 3179 ex
944 3119 1046 3180 Verbo
1071 3129 1161 3181 etex

269 3217 380 3273 sanctis
393 3215 558 3290 Ecclesiae,
578 3233 663 3275 vera:
684 3219 728 3276 40
747 3217 785 3275 ad
801 3221 857 3277 42.

208 3335 239 3392 3.
291 3336 412 3393 tametsi
441 3351 523 3393 mere
546 3334 706 3394 falsificata
731 3342 762 3395 et
784 3337 965 3409 adulterata,
995 3355 1083 3399 vers:
1113 3341 1160 3399 43

269 3434 307 3493 ad
327 3435 383 3494 45.

133 3551 163 3610 3.
185 3555 239 3611 11.
292 3552 372 3629 quod
388 3552 466 3612 falsa
485 3559 514 3611 et
528 3552 608 3610 mala
623 3552 777 3613 destruent
792 3557 891 3613 omnia
902 3555 1058 3618 Ecclesiae
1078 3556 1160 3635 apud

268 3651 353 3722 illos,
381 3658 410 3709 et
428 3651 589 3728 separandi
606 3659 641 3710 ut
662 3669 722 3711 non
740 3653 887 3714 seducant
903 3656 1047 3732 amplius,
1072 3673 1161 3718 vers:

270 3751 314 3808 46
329 3748 368 3806 ad
379 3752 436 3808 49.

209 3876 239 3932 2.
294 3871 372 3949 Cap:
392 3873 509 3932 XXIV.
551 3874 598 3934 De
615 3876 673 3937 fine
689 3877 845 3938 Ecclesiae
864 3878 946 3956 apud
962 3885 1083 3956 gentem
1100 3881 1159 3942 Ju-

271 3972 403 4047 daieam,
430 3989 515 4033 vers:
548 3976 577 4032 1.
606 3979 637 4034 2.
692 3977 773 4054 qued
797 3995 871 4038 vera
902 3994 970 4038 cum
994 3979 1081 4039 benis
1105 3997 1159 4056 per

251 4117 255 4125 .
270 4071 405 4130 Verbum
418 4072 477 4147 illis
496 4072 566 4134 data
584 4077 643 4135 sint
661 4083 692 4136 et
709 4094 828 4155 quoque
847 4080 1021 4156 praesentia
1037 4079 1158 4155 Divina,

268 4187 352 4231 vers:
375 4173 405 4232 3.
427 4176 457 4231 4.
482 4175 510 4232 5.
982 4195 993 4216 ‘
