2528 4808
392 370 525 424 Psalle:
548 373 603 435 CV,
626 382 660 433 13
684 371 799 438 -01111,
821 383 867 434 31.
1098 385 1151 436 115

159 530 213 588 sed
232 534 283 606 qui
301 540 408 606 postea
425 533 510 592 Deus
530 533 612 593 Coeli
640 541 669 592 31
693 540 789 594 terrae
808 535 904 594 iactus
924 541 979 603 est,
1021 538 1074 593 10.

82 650 85 657 ·
109 648 194 690 vers:
218 634 259 689 19
277 631 386 691 adii.
913 700 915 705 ,

158 732 226 791 1313
244 732 286 790 illi
304 737 354 810 qui
372 734 409 792 ab
426 735 562 794 Ecclesia
579 735 731 795 naturales
750 736 884 810 suerunt,
905 744 934 795 31
951 739 981 794 in
1020 740 1074 796 11.

107 833 286 908 scientificis,
304 851 389 893 vers:
412 837 467 894 23.
489 839 543 893 24.

161 952 251 1011 quare
269 935 526 1002 naturalceorum
548 945 705 1013 purgatum
731 943 777 994 est
803 955 821 995 3
845 938 926 997 131313
950 945 982 998 31
1020 943 1074 999 11.

106 1035 193 1094 malis
214 1038 307 1093 omnis
326 1039 459 1112 generis,
492 1055 568 1113 3333
591 1037 784 1111 infestabant,
810 1037 984 1115 dequibus,

109 1136 388 1196 3313253136.

149 1239 189 1295 et
205 1244 314 1313 postea
326 1238 384 1297 illis
398 1257 502 1297 verum
518 1239 679 1313 etbonum,
700 1257 735 1298 ac
748 1239 843 1298 tutela
856 1257 874 1297 a
887 1240 979 1316 salsis,
1021 1245 1075 1301 11.

108 1354 192 1396 vers:
214 1339 255 1397 37
273 1338 311 1396 ad
328 1341 384 1397 41,

160 1456 194 1497 33
211 1438 282 1497 13311
298 1446 332 1497 31
345 1440 456 1499 fierent
467 1440 611 1515 Ecclesia,
629 1457 714 1500 vers:
736 1444 780 1499 42
795 1441 902 1501 3145.
1021 1447 1075 1504 11.

158 1540 213 1597 Ps:
233 1537 310 1598 CVI.
346 1541 392 1600 Dc
416 1541 554 1600 Ecclesia
576 1541 656 1617 apud
678 1549 797 1618 gentem
822 1542 981 1603 Judaicam
1018 1548 1048 1606 3.
1073 1548 1125 1606 13.

107 1641 244 1698 instituta
258 1641 337 1718 qnod
353 1659 498 1718 perversa
515 1643 852 1703 1331331131131333111
885 1643 987 1705 Oratio

108 1740 228 1800 Domini
248 1741 287 1799 31
302 1743 422 1802 Patrem
443 1747 625 1817 3133313131,
650 1749 683 1801 ut
700 1743 801 1803 videat
818 1744 985 1806 Ecclesiam
1023 1750 1077 1808 11.

107 1842 310 1917 instauratam,
330 1861 414 1902 vers:
438 1845 510 1903 131
533 1847 560 1904 5.

158 1943 238 2018 quod
249 1943 293 2002 illi
307 1947 357 2020 qui
371 1944 409 2003 ab
422 1946 566 2020 Ecclesia,
587 1948 709 2012 tametsi
723 1945 861 2004 viderunt
873 1946 983 2006 Divina
1020 1953 1049 2009 3.

107 2044 264 2116 miracula,
293 2049 488 2115 recesserint,
511 2053 541 2105 et
557 2051 658 2104 tamen
675 2048 787 2105 servati
802 2036 875 2116 s'int,
903 2064 987 2107 vers:

78 2190 82 2198 .
109 2145 231 2203 6318.

156 2246 246 2304 3131
265 2264 346 2306 mare
366 2245 450 2323 Suph
469 2254 499 2306 31
515 2253 622 2324 postea
639 2250 669 2304 in
687 2247 806 2307 deserto
823 2248 924 2326 plura,
952 2258 981 2310 31
1019 2253 1049 2312 3.

107 2347 185 2421 3331
202 2353 301 2407 tamen
319 2349 537 2423 rebellaverint,
557 2365 640 2409 vers:
663 2350 681 2406 9
697 2349 804 2409 3134.

158 2449 236 2522 3331
252 2466 375 2525 prorsus
389 2449 590 2508 destruxerint
603 2457 633 2509 et
645 2450 898 2526 prophanavcrint
910 2469 982 2511 vera
1020 2455 1050 2512 3.

107 2555 137 2606 et
153 2547 233 2608 bona
249 2549 355 2624 Verbi,
375 2567 459 2609 vers:
481 2552 524 2610 35
541 2552 580 2609 ad
596 2553 651 2611 39.
733 2614 737 2627 Ι

156 2650 320 2726 33311133
337 2650 474 2710 Ecclesia
497 2652 578 2728 apud
594 2651 661 2710 illos
680 2651 785 2711 relicta
808 2655 848 2711 sit
873 2671 891 2711 a
913 2652 980 2712 Do·
1016 2656 1046 2714 3.

107 2752 196 2825 mino,
218 2757 248 2810 et
265 2752 431 2827 destructa,
454 2769 540 2812 vers:
560 2755 605 2811 40
623 2753 731 2812 3143.

159 2851 331 2927 33311333
356 2852 399 2910 1111
423 2856 473 2929 331
498 2861 582 2913 entra
605 2854 771 2913 Ecclesiam
798 2855 889 2914 auditi
911 2859 980 2927 sint,
1018 2860 1072 2916 11.

106 2969 190 3012 vers:
211 2957 256 3012 44
274 2953 381 3013 3146.

156 3054 282 3131 313331
300 3073 337 3114 on
363 3054 422 3114 illis
448 3055 499 3114 liet
518 3055 655 3116 Ecclesia
674 3074 751 3133 quae
777 3057 855 3118 colet
878 3059 983 3118 Domi·
1007 3063 1075 3140 U·

106 3172 185 3226 num,
209 3172 293 3215 vers:
316 3159 372 3214 41.
394 3159 451 3216 48.

154 3283 210 3342 Ps:
237 3283 331 3344 GVH.
364 3284 412 3343 De
444 3302 522 3345 nova
555 3285 693 3345 Ecclesia
724 3268 978 3362 qnam'Dominus
1019 3290 1072 3345 ll.

103 3383 236 3454 redemit,
252 3401 339 3444 vers:
363 3384 433 3442 lad
453 3387 481 3444 3.

154 3503 382 3582 333113131313
399 3507 598 3580 ignorantiae,
623 3504 725 3564 sedin
746 3504 893 3564 desiderio
914 3507 978 3564 veri
1015 3509 1070 3565 11.

106 3604 233 3674 etboui,
260 3621 345 3666 vers:
366 3609 385 3663 4
402 3605 440 3664 31
458 3607 488 3664 8.

152 3725 232 3803 3331
248 3727 279 3784 13
295 3727 463 3802 ignorantia
487 3733 517 3786 et
535 3727 565 3784 in
591 3725 709 3784 deiectu
737 3727 814 3800 veri,
848 3741 933 3784 vers:
964 3726 982 3783 9

105 3825 143 3883 31
163 3826 217 3886 15.

154 3945 234 4022 3331
251 3944 335 4004 nulla
351 3945 410 4006 illis
427 3947 547 4006 nutritio
570 3947 749 4025 spiritualis,
781 3963 858 4021 quae
876 3952 976 4032 tamen
1016 3947 1070 4004 11.

103 4047 158 4104 erit
170 4046 230 4105 illis
247 4063 303 4122 per
320 4045 461 4123 Verbum,
480 4065 567 4108 vers:
590 4050 631 4107 16
650 4048 689 4106 31
706 4049 761 4106 21.

152 4166 269 4243 quando
284 4168 314 4225 iu
324 4167 548 4244 cognitionibus,
564 4167 642 4252 quod
655 4167 737 4225 missi
754 4167 975 4227 intentationes
1014 4168 1069 4224 11.

103 4270 133 4322 31
145 4268 266 4344 servati,
285 4284 369 4330 vers:
390 4271 433 4327 22
450 4267 488 4326 ad
503 4269 557 4329 31.

893 4371 909 4424 ὃ
931 4369 940 4389 .
