2528 4808
375 320 532 376 SACHAR:
555 322 634 386 CAP.
655 321 714 387 Vll,
736 332 752 383 8
776 325 848 387 -X‚
872 334 898 383 ss.
1131 337 1165 386 91

156 479 238 555 quod
265 478 378 536 dictum
397 478 456 537 illis
475 481 529 552 sit,
557 485 589 537 ut
611 486 725 538 statuta
742 490 913 556 servarent,
941 483 996 542 sed
1033 487 1063 542 2.

106 579 187 655 quod
205 595 264 635 non
282 578 414 651 fecerint,
433 595 520 638 vers:
543 581 561 638 8
579 580 686 638 11112.

156 685 342 755 quapropter
354 695 414 736 non
428 680 484 737 erit
499 679 580 756 apud
599 679 666 739 illos
681 680 829 756 Ecclesia,
845 684 900 742 scd
913 683 993 759 quod
1031 687 1061 741 2.

105 779 298 856 dispergendi
316 781 389 853 siat,
408 794 494 838 vers:
518 782 572 839 13.
593 783 647 838 14.

157 879 239 956 Cap:
265 878 351 937 VIII.
388 879 476 955 Quod
498 881 645 938 Dominus
668 884 803 941 instituet
830 883 997 966 Ecclesiam
1036 886 1091 941 11.

101 983 134 1039 in
152 997 213 1058 qua
231 979 365 1037 doctrina
381 982 446 1038 veri
465 987 495 1039 et
511 981 582 1039 boni
601 985 669 1056 erit,
694 998 778 1040 vers:
802 985 816 1039 1
837 982 875 1040 ad
893 985 921 1043 3.
951 982 1000 1040 ubi

102 1082 253 1157 sapientia
271 1087 300 1137 et
317 1082 501 1156 innocentia,
518 1098 603 1140 vers:
625 1086 645 1140 4
663 1083 747 1140 1116.

157 1180 239 1257 quod
257 1179 427 1240 adducendi
440 1183 500 1239 sint
515 1182 552 1240 nb
568 1182 700 1260 undique
714 1183 752 1240 ad
766 1183 857 1256 illam,
878 1190 908 1243 et
922 1183 1001 1257 quod
1039 1187 1053 1241 l
1065 1187 1094 1242 1.

103 1284 247 1358 agnitore
264 1283 303 1338 sit
316 1281 493 1354 Dominum,
512 1299 597 1341 vers:
622 1289 637 1341 7
655 1283 740 1341 1119.

158 1381 241 1457 qnod
259 1382 344 1456 prius
362 1399 421 1439 non
435 1381 525 1440 fuerit
539 1383 634 1441 tutela
648 1402 667 1442 a
681 1385 765 1444 salsis
781 1385 852 1443 mali
869 1401 947 1460 quae
960 1385 997 1442 ab
1036 1386 1065 1443 3.

102 1484 235 1553 inferno,
257 1497 340 1538 vers:
366 1485 419 1540 10.
1033 1485 1063 1544 3.

157 1581 245 1639 aliter
263 1582 293 1638 in
310 1581 367 1642 hac
384 1582 537 1656 Ecclesia,
566 1584 619 1642 ubi
637 1602 710 1643 vera
729 1591 758 1642 et
775 1585 854 1643 bona
872 1590 992 1660 persta·
1036 1589 1088 1643 11.

102 1684 195 1755 bunt,
216 1697 303 1739 vers:
327 1684 453 1741 11.12.

155 1780 239 1858 quod
256 1783 336 1840 sicut
348 1784 430 1859 prior
443 1782 581 1842 Ecclesia
595 1801 651 1859 per
664 1784 742 1842 false
755 1785 826 1842 mali
839 1787 936 1859 periit,
956 1788 998 1842 ita
1036 1788 1066 1844 3.
1088 1788 1140 1842 ll.

102 1884 180 1943 haec
197 1885 228 1940 in
247 1886 328 1941 veris
345 1883 475 1942 elbonis
490 1884 647 1958 subsistet,
676 1903 762 1944 vers:
786 1887 828 1943 13
845 1885 885 1942 ad
903 1888 956 1943 11.

157 1983 238 2059 quod
261 1985 292 2040 in
315 1983 521 2043 humiliatione
548 1991 577 2042 et
603 1984 812 2049 inaffectione
840 1987 904 2042 veri
931 1987 993 2054 erit,
1035 1989 1090 2049 11.

104 2101 191 2143 vers:
223 2084 277 2143 18.
305 2086 359 2142 19.
393 2084 473 2159 quod
497 2090 614 2142 crescet
637 2091 667 2142 et
691 2084 938 2160 multiplicabitur
963 2084 1001 2142 ab

104 2182 243 2242 omnibus
277 2187 328 2259 qui
355 2184 457 2244 colunt
480 2183 641 2242 Dominum
672 2192 702 2244 et
725 2190 826 2243 amant
858 2184 1000 2259 Verbum,

102 2301 190 2348 vers:
214 2283 389 2344 1011113.
412 2365 414 2368 y

156 2384 234 2459 Cap:
253 2383 310 2442 IX.
338 2383 427 2460 Quod
438 2384 577 2443 Ecclesia
590 2403 669 2448 nova
682 2388 713 2442 in
723 2384 939 2460 cognitionibus
955 2402 992 2442 ex
1031 2389 1086 2443 11.

103 2485 207 2545 Verbo
223 2485 293 2552 erit,
312 2502 396 2547 vers:
419 2487 449 2542 l.
472 2488 502 2542 2.

156 2583 238 2661 quod
256 2586 306 2660 qui
324 2587 353 2642 in
368 2585 587 2660 cognitionibus
604 2602 641 2643 ex
656 2584 757 2643 Verbo
777 2590 847 2642 sunt
865 2583 993 2659 perdent
1032 2586 1063 2642 3.

103 2686 182 2754 illas,
201 2701 286 2745 vers:
310 2687 339 2744 3.
359 2689 390 2743 4.
418 2685 558 2744 similiter
578 2687 673 2760 quiin
691 2684 758 2743 sola
774 2684 842 2758 fide,
863 2700 948 2744 vers:
972 2686 1000 2742 b.
1080 2708 1084 2714 ·

108 2786 136 2845 6.
174 2785 255 2861 quod
280 2785 423 2860 peribunt
449 2803 486 2843 ne
515 2784 644 2861 amplius
670 2784 798 2860 perdant
822 2784 999 2860 Ecclesiam,

105 2902 190 2948 vers:
214 2890 243 2944 1.
263 2887 293 2942 8.

155 2985 235 3061 quod
246 2991 390 3045 venturus
403 2984 550 3042 Dominus
566 3001 633 3042 cum
647 2984 758 3041 Divino
772 3001 854 3052 vero,
870 2999 948 3040 vers:
967 2985 995 3040 9.
1019 2985 1063 3046 ,1.

155 3085 238 3161 quod
255 3090 416 3159 postquam
438 3092 524 3144 vetus
550 3084 688 3142 Ecclesia
709 3086 813 3158 periit,
847 3101 927 3142 nova
946 3085 993 3140 in·
1033 3084 1063 3140 3.
1086 3085 1141 3140 11.

107 3187 250 3243 stituatur
268 3183 324 3242 sub
336 3185 478 3269 Domino,
499 3186 550 3259 qui
567 3183 705 3260 regnabit
723 3199 816 3258 super
833 3182 893 3257 1111,
914 3199 999 3246 vers:

109 3288 242 3344 10.11.

157 3384 247 3460 Quod
264 3385 411 3442 Dominus
430 3384 498 3442 illos
517 3384 653 3459 Implebit
673 3386 761 3454 veris,
783 3399 818 3439 ac
837 3381 991 3452 tutabitur,
1033 3383 1087 3438 11.

104 3501 190 3543 vers:
216 3488 256 3542 12
274 3483 313 3542 ad
331 3486 384 3543 16.
414 3484 494 3560 quod
511 3483 569 3542 illis
584 3482 791 3557 intelligentia,
812 3496 897 3563 vers:
925 3482 978 3536 11.

157 3584 237 3661 Gap:
256 3584 296 3641 X.
330 3583 418 3658 Quod
443 3583 589 3641 Dominus
618 3581 813 3658 spiritualiter
837 3577 995 3637 benedicet
1035 3582 1088 3636 11.

103 3685 162 3744 illis
182 3686 234 3760 qui
251 3683 356 3759 Ipsum
372 3690 488 3758 petunt,
509 3700 594 3742 vers:
619 3685 648 3742 1.

155 3784 236 3859 quod
253 3783 297 3842 illi
316 3781 817 3859 111171111111111111,11111115
836 3781 907 3839 mali
928 3782 995 3855 sint,
1037 3783 1067 3839 3.
1088 3782 1141 3836 11.

106 3893 135 3942 et
152 3885 293 3960 perituri,
312 3898 395 3942 vers:
418 3887 448 3940 2.
468 3884 498 3941 3.
527 3883 607 3958 quod
625 3882 668 3940 illi
686 3883 736 3957 qui
754 3884 784 3940 in
803 3881 928 3940 coelesti
944 3881 1001 3938 bo-

104 4001 159 4057 no,
191 4001 229 4041 ex
253 3983 361 4058 quibus
385 3981 539 4053 Ecclesia,
571 3981 622 4040 ubi
644 3983 806 4055 Dominus,
838 3982 1001 4057 pugnaturi

107 4086 165 4141 sint
185 4089 289 4140 eontra
307 4082 383 4140 salsa
404 4081 490 4155 mali,
525 4089 588 4139 tum
611 4085 661 4156 qui
686 4085 715 4140 in
740 4081 888 4158 spirituali
913 4081 1000 4149 bono,

104 4199 191 4242 vers:
214 4182 287 4241 1111
305 4186 332 4240 6.
