<?xml version="1.0" encoding="UTF-8"?>
<!DOCTYPE html PUBLIC "-//W3C//DTD XHTML 1.0 Transitional//EN"
    "http://www.w3.org/TR/xhtml1/DTD/xhtml1-transitional.dtd">
<html xmlns="http://www.w3.org/1999/xhtml" xml:lang="en" lang="en">
 <head>
  <title>
</title>
<meta http-equiv="Content-Type" content="text/html;charset=utf-8" />
  <meta name='ocr-system' content='tesseract 3.04.00' />
  <meta name='ocr-capabilities' content='ocr_page ocr_carea ocr_par ocr_line ocrx_word'/>
</head>
<body>
  <div class='ocr_page' id='page_1' title='image "./summariaexposit00swedgoog_0089.png"; bbox 0 0 2528 4808; ppageno 0'>
   <div class='ocr_carea' id='block_1_1' title="bbox 398 333 855 398">
    <p class='ocr_par' dir='ltr' id='par_1_1' title="bbox 398 333 855 398">
     <span class='ocr_line' id='line_1_1' title="bbox 398 333 855 398; baseline 0.022 -11"><span class='ocrx_word' id='word_1_1' title='bbox 398 333 494 387; x_wconf 78' lang='lat' dir='ltr'>Amos</span> <span class='ocrx_word' id='word_1_2' title='bbox 517 335 596 390; x_wconf 69' lang='lat' dir='ltr'><strong>CAP.</strong></span> <span class='ocrx_word' id='word_1_3' title='bbox 617 334 638 398; x_wconf 86' lang='lat' dir='ltr'>l,</span> <span class='ocrx_word' id='word_1_4' title='bbox 664 343 697 395; x_wconf 85' lang='lat'>13</span> <span class='ocrx_word' id='word_1_5' title='bbox 722 334 805 398; x_wconf 69' lang='lat' dir='ltr'>-lV,</span> <span class='ocrx_word' id='word_1_6' title='bbox 828 344 855 394; x_wconf 73' lang='lat'>⁹·</span> 
     </span>
    </p>
   </div>
   <div class='ocr_carea' id='block_1_2' title="bbox 144 465 1194 4288">
    <p class='ocr_par' dir='ltr' id='par_1_2' title="bbox 144 465 1152 679">
     <span class='ocr_line' id='line_1_2' title="bbox 269 465 1152 572; baseline 0.005 -18"><span class='ocrx_word' id='word_1_7' title='bbox 269 498 348 572; x_wconf 86' lang='lat' dir='ltr'>qued</span> <span class='ocrx_word' id='word_1_8' title='bbox 366 497 413 555; x_wconf 90' lang='lat' dir='ltr'>die</span> <span class='ocrx_word' id='word_1_9' title='bbox 426 465 546 572; x_wconf 82' lang='lat' dir='ltr'>pugnae</span> <span class='ocrx_word' id='word_1_10' title='bbox 564 513 622 553; x_wconf 86' lang='lat' dir='ltr'>neu</span> <span class='ocrx_word' id='word_1_11' title='bbox 640 497 791 569; x_wconf 75' lang='lat' dir='ltr'><strong>resistant,</strong></span> <span class='ocrx_word' id='word_1_12' title='bbox 811 494 865 552; x_wconf 88' lang='lat' dir='ltr'>sed</span> <span class='ocrx_word' id='word_1_13' title='bbox 879 510 985 554; x_wconf 88' lang='lat' dir='ltr'>verum</span> <span class='ocrx_word' id='word_1_14' title='bbox 1004 495 1152 559; x_wconf 82' lang='lat' dir='ltr'>doctrinae</span> 
     </span>
     <span class='ocr_line' id='line_1_3' title="bbox 144 596 718 679; baseline -0.007 -22"><span class='ocrx_word' id='word_1_15' title='bbox 144 665 148 679; x_wconf 38' lang='grc' dir='ltr'><strong><em>Ι</em></strong></span> <span class='ocrx_word' id='word_1_16' title='bbox 269 598 410 673; x_wconf 88' lang='lat' dir='ltr'>perdant,</span> <span class='ocrx_word' id='word_1_17' title='bbox 436 612 522 654; x_wconf 88' lang='lat' dir='ltr'>vers:</span> <span class='ocrx_word' id='word_1_18' title='bbox 547 596 718 656; x_wconf 82' lang='lat' dir='ltr'>13ad15.</span> 
     </span>
    </p>

    <p class='ocr_par' dir='ltr' id='par_1_3' title="bbox 207 695 1156 972">
     <span class='ocr_line' id='line_1_4' title="bbox 207 695 1156 774; baseline -0.003 -15"><span class='ocrx_word' id='word_1_19' title='bbox 207 705 237 759; x_wconf 81' lang='lat'>2.</span> <span class='ocrx_word' id='word_1_20' title='bbox 292 698 370 774; x_wconf 82' lang='lat' dir='ltr'>Cap:</span> <span class='ocrx_word' id='word_1_21' title='bbox 386 697 425 754; x_wconf 92' lang='grc' dir='ltr'>Π.</span> <span class='ocrx_word' id='word_1_22' title='bbox 449 696 497 754; x_wconf 91' lang='lat' dir='ltr'>De</span> <span class='ocrx_word' id='word_1_23' title='bbox 515 696 574 754; x_wconf 89' lang='lat' dir='ltr'>illis</span> <span class='ocrx_word' id='word_1_24' title='bbox 588 699 639 772; x_wconf 90' lang='lat' dir='ltr'>qui</span> <span class='ocrx_word' id='word_1_25' title='bbox 652 696 823 755; x_wconf 82' lang='lat' dir='ltr'>adulterant</span> <span class='ocrx_word' id='word_1_26' title='bbox 835 695 946 752; x_wconf 86' lang='lat' dir='ltr'>benum</span> <span class='ocrx_word' id='word_1_27' title='bbox 961 712 1071 756; x_wconf 86' lang='lat' dir='ltr'>seusus</span> <span class='ocrx_word' id='word_1_28' title='bbox 1089 697 1156 756; x_wconf 87' lang='lat' dir='ltr'>lite-</span> 
     </span>
     <span class='ocr_line' id='line_1_5' title="bbox 269 786 1156 874; baseline 0 -18"><span class='ocrx_word' id='word_1_29' title='bbox 269 816 320 856; x_wconf 89' lang='lat' dir='ltr'>rae</span> <span class='ocrx_word' id='word_1_30' title='bbox 338 797 446 870; x_wconf 85' lang='lat' dir='ltr'><strong>Verbi,</strong></span> <span class='ocrx_word' id='word_1_31' title='bbox 474 796 553 871; x_wconf 88' lang='lat' dir='ltr'>quod</span> <span class='ocrx_word' id='word_1_32' title='bbox 569 797 680 855; x_wconf 90' lang='lat' dir='ltr'>bonum</span> <span class='ocrx_word' id='word_1_33' title='bbox 699 803 729 856; x_wconf 91' lang='lat' dir='ltr'>et</span> <span class='ocrx_word' id='word_1_34' title='bbox 746 814 851 857; x_wconf 85' lang='lat' dir='ltr'>verum</span> <span class='ocrx_word' id='word_1_35' title='bbox 869 786 1025 861; x_wconf 79' lang='lat' dir='ltr'>Ecclesiae</span> <span class='ocrx_word' id='word_1_36' title='bbox 1048 797 1156 874; x_wconf 82' lang='lat' dir='ltr'>‹leper-</span> 
     </span>
     <span class='ocr_line' id='line_1_6' title="bbox 267 897 1061 972; baseline -0.001 -14"><span class='ocrx_word' id='word_1_37' title='bbox 267 901 347 972; x_wconf 86' lang='lat' dir='ltr'><strong>dant,</strong></span> <span class='ocrx_word' id='word_1_38' title='bbox 367 913 452 956; x_wconf 87' lang='lat' dir='ltr'>vers:</span> <span class='ocrx_word' id='word_1_39' title='bbox 475 900 489 953; x_wconf 94' lang='lat'>1</span> <span class='ocrx_word' id='word_1_40' title='bbox 508 897 547 955; x_wconf 87' lang='lat' dir='ltr'>ad</span> <span class='ocrx_word' id='word_1_41' title='bbox 560 898 590 956; x_wconf 91' lang='lat'>3.</span> <span class='ocrx_word' id='word_1_42' title='bbox 1058 899 1061 902; x_wconf 49' lang='lat'><strong>⁴</strong></span> 
     </span>
    </p>

    <p class='ocr_par' dir='ltr' id='par_1_4' title="bbox 208 996 1157 1176">
     <span class='ocr_line' id='line_1_7' title="bbox 208 996 1157 1073; baseline -0.003 -13"><span class='ocrx_word' id='word_1_43' title='bbox 208 1005 238 1060; x_wconf 78' lang='lat'>2.</span> <span class='ocrx_word' id='word_1_44' title='bbox 292 1000 329 1057; x_wconf 91' lang='lat' dir='ltr'>de</span> <span class='ocrx_word' id='word_1_45' title='bbox 346 999 471 1073; x_wconf 90' lang='lat' dir='ltr'>illisqui</span> <span class='ocrx_word' id='word_1_46' title='bbox 492 998 635 1056; x_wconf 84' lang='lat' dir='ltr'>coelestia</span> <span class='ocrx_word' id='word_1_47' title='bbox 653 996 747 1055; x_wconf 84' lang='lat' dir='ltr'>Verbi</span> <span class='ocrx_word' id='word_1_48' title='bbox 764 996 937 1072; x_wconf 84' lang='lat' dir='ltr'>destruunt,</span> <span class='ocrx_word' id='word_1_49' title='bbox 964 1004 994 1057; x_wconf 88' lang='lat' dir='ltr'>et</span> <span class='ocrx_word' id='word_1_50' title='bbox 1013 998 1157 1058; x_wconf 86' lang='lat' dir='ltr'>coelestia</span> 
     </span>
     <span class='ocr_line' id='line_1_8' title="bbox 269 1098 951 1176; baseline -0.007 -15"><span class='ocrx_word' id='word_1_51' title='bbox 269 1109 299 1161; x_wconf 91' lang='lat' dir='ltr'>et</span> <span class='ocrx_word' id='word_1_52' title='bbox 310 1098 478 1176; x_wconf 87' lang='lat' dir='ltr'>spiritualia</span> <span class='ocrx_word' id='word_1_53' title='bbox 497 1099 561 1175; x_wconf 89' lang='lat' dir='ltr'>ejus</span> <span class='ocrx_word' id='word_1_54' title='bbox 576 1098 741 1167; x_wconf 84' lang='lat' dir='ltr'>destruunt,</span> <span class='ocrx_word' id='word_1_55' title='bbox 759 1114 845 1156; x_wconf 89' lang='lat' dir='ltr'>vers:</span> <span class='ocrx_word' id='word_1_56' title='bbox 867 1100 897 1155; x_wconf 92' lang='grc'>4.</span> <span class='ocrx_word' id='word_1_57' title='bbox 921 1099 951 1156; x_wconf 84' lang='grc'>5.</span> 
     </span>
    </p>

    <p class='ocr_par' dir='ltr' id='par_1_5' title="bbox 209 1198 1158 1374">
     <span class='ocr_line' id='line_1_9' title="bbox 209 1198 1158 1277; baseline -0.004 -15"><span class='ocrx_word' id='word_1_58' title='bbox 209 1208 239 1262; x_wconf 84' lang='lat'>2.</span> <span class='ocrx_word' id='word_1_59' title='bbox 295 1202 331 1259; x_wconf 90' lang='lat' dir='ltr'>de</span> <span class='ocrx_word' id='word_1_60' title='bbox 351 1200 410 1259; x_wconf 88' lang='lat' dir='ltr'>illis</span> <span class='ocrx_word' id='word_1_61' title='bbox 436 1201 487 1274; x_wconf 90' lang='lat' dir='ltr'>qui</span> <span class='ocrx_word' id='word_1_62' title='bbox 506 1198 674 1275; x_wconf 82' lang='lat' dir='ltr'>spiritualia</span> <span class='ocrx_word' id='word_1_63' title='bbox 694 1198 850 1257; x_wconf 82' lang='lat' dir='ltr'>Ecclesiae</span> <span class='ocrx_word' id='word_1_64' title='bbox 873 1198 1046 1274; x_wconf 84' lang='lat' dir='ltr'>destruunt,</span> <span class='ocrx_word' id='word_1_65' title='bbox 1079 1199 1158 1277; x_wconf 85' lang='lat' dir='ltr'>quod</span> 
     </span>
     <span class='ocr_line' id='line_1_10' title="bbox 268 1299 1107 1374; baseline -0.004 -12"><span class='ocrx_word' id='word_1_66' title='bbox 268 1302 337 1362; x_wconf 92' lang='lat' dir='ltr'>inde</span> <span class='ocrx_word' id='word_1_67' title='bbox 356 1300 466 1359; x_wconf 83' lang='lat' dir='ltr'>abeant</span> <span class='ocrx_word' id='word_1_68' title='bbox 483 1302 514 1357; x_wconf 89' lang='lat' dir='ltr'>in</span> <span class='ocrx_word' id='word_1_69' title='bbox 532 1301 625 1357; x_wconf 90' lang='lat' dir='ltr'>cumis</span> <span class='ocrx_word' id='word_1_70' title='bbox 643 1301 763 1374; x_wconf 80' lang='lat' dir='ltr'>generis</span> <span class='ocrx_word' id='word_1_71' title='bbox 776 1299 862 1373; x_wconf 85' lang='lat' dir='ltr'>falsa,</span> <span class='ocrx_word' id='word_1_72' title='bbox 881 1315 966 1358; x_wconf 86' lang='lat' dir='ltr'>vers:</span> <span class='ocrx_word' id='word_1_73' title='bbox 990 1300 1062 1359; x_wconf 79' lang='lat' dir='ltr'>bad</span> <span class='ocrx_word' id='word_1_74' title='bbox 1077 1303 1107 1359; x_wconf 90' lang='lat'>8.</span> 
     </span>
    </p>

    <p class='ocr_par' dir='ltr' id='par_1_6' title="bbox 206 1399 1156 1661">
     <span class='ocr_line' id='line_1_11' title="bbox 206 1399 1156 1478; baseline -0.002 -16"><span class='ocrx_word' id='word_1_75' title='bbox 206 1409 236 1462; x_wconf 77' lang='lat'>2.</span> <span class='ocrx_word' id='word_1_76' title='bbox 291 1401 370 1478; x_wconf 86' lang='lat' dir='ltr'>qued</span> <span class='ocrx_word' id='word_1_77' title='bbox 386 1400 533 1458; x_wconf 87' lang='lat' dir='ltr'>Dominus</span> <span class='ocrx_word' id='word_1_78' title='bbox 550 1416 673 1475; x_wconf 86' lang='lat' dir='ltr'>prorsus</span> <span class='ocrx_word' id='word_1_79' title='bbox 692 1402 854 1459; x_wconf 85' lang='lat' dir='ltr'>removerit</span> <span class='ocrx_word' id='word_1_80' title='bbox 871 1399 952 1459; x_wconf 87' lang='lat' dir='ltr'>falsa</span> <span class='ocrx_word' id='word_1_81' title='bbox 968 1400 1067 1470; x_wconf 88' lang='lat' dir='ltr'>mali,·</span> <span class='ocrx_word' id='word_1_82' title='bbox 1090 1419 1156 1460; x_wconf 88' lang='lat' dir='ltr'>cum</span> 
     </span>
     <span class='ocr_line' id='line_1_12' title="bbox 267 1493 1155 1575; baseline 0 -15"><span class='ocrx_word' id='word_1_83' title='bbox 267 1502 405 1560; x_wconf 83' lang='lat' dir='ltr'>Ecclesia</span> <span class='ocrx_word' id='word_1_84' title='bbox 422 1499 504 1575; x_wconf 91' lang='lat' dir='ltr'>apud</span> <span class='ocrx_word' id='word_1_85' title='bbox 525 1500 592 1559; x_wconf 91' lang='lat' dir='ltr'>illos</span> <span class='ocrx_word' id='word_1_86' title='bbox 615 1504 751 1558; x_wconf 88' lang='lat' dir='ltr'>instituta</span> <span class='ocrx_word' id='word_1_87' title='bbox 776 1506 837 1569; x_wconf 90' lang='lat' dir='ltr'>est,</span> <span class='ocrx_word' id='word_1_88' title='bbox 868 1517 903 1559; x_wconf 90' lang='lat' dir='ltr'>ac</span> <span class='ocrx_word' id='word_1_89' title='bbox 920 1493 1060 1560; x_wconf 85' lang='lat' dir='ltr'>instructi</span> <span class='ocrx_word' id='word_1_90' title='bbox 1078 1509 1155 1575; x_wconf 88' lang='lat' dir='ltr'>sunt,</span> 
     </span>
     <span class='ocr_line' id='line_1_13' title="bbox 266 1599 516 1661; baseline 0 -3"><span class='ocrx_word' id='word_1_91' title='bbox 266 1619 349 1661; x_wconf 86' lang='lat' dir='ltr'>vers:</span> <span class='ocrx_word' id='word_1_92' title='bbox 372 1599 444 1658; x_wconf 82' lang='lat' dir='ltr'>sad</span> <span class='ocrx_word' id='word_1_93' title='bbox 463 1603 516 1658; x_wconf 91' lang='lat' dir='ltr'>ll.</span> 
     </span>
    </p>

    <p class='ocr_par' dir='ltr' id='par_1_7' title="bbox 206 1699 1156 1880">
     <span class='ocr_line' id='line_1_14' title="bbox 206 1699 1155 1779; baseline 0 -18"><span class='ocrx_word' id='word_1_94' title='bbox 206 1708 236 1762; x_wconf 76' lang='lat'>2.</span> <span class='ocrx_word' id='word_1_95' title='bbox 289 1700 369 1779; x_wconf 88' lang='lat' dir='ltr'>quod</span> <span class='ocrx_word' id='word_1_96' title='bbox 385 1708 485 1757; x_wconf 88' lang='lat' dir='ltr'>tamen</span> <span class='ocrx_word' id='word_1_97' title='bbox 502 1700 554 1758; x_wconf 90' lang='lat' dir='ltr'>illa</span> <span class='ocrx_word' id='word_1_98' title='bbox 567 1699 704 1758; x_wconf 86' lang='lat' dir='ltr'>Ecclesia</span> <span class='ocrx_word' id='word_1_99' title='bbox 715 1702 896 1774; x_wconf 86' lang='lat' dir='ltr'>perverterit</span> <span class='ocrx_word' id='word_1_100' title='bbox 909 1704 1024 1770; x_wconf 86' lang='lat' dir='ltr'>omnia,</span> <span class='ocrx_word' id='word_1_101' title='bbox 1043 1708 1073 1760; x_wconf 88' lang='lat' dir='ltr'>et</span> <span class='ocrx_word' id='word_1_102' title='bbox 1085 1703 1155 1762; x_wconf 90' lang='lat' dir='ltr'>iude</span> 
     </span>
     <span class='ocr_line' id='line_1_15' title="bbox 268 1799 1156 1880; baseline 0.002 -20"><span class='ocrx_word' id='word_1_103' title='bbox 268 1804 347 1860; x_wconf 86' lang='lat' dir='ltr'>iacta</span> <span class='ocrx_word' id='word_1_104' title='bbox 365 1803 442 1858; x_wconf 87' lang='lat' dir='ltr'>sicut</span> <span class='ocrx_word' id='word_1_105' title='bbox 459 1802 510 1875; x_wconf 90' lang='lat' dir='ltr'>qui</span> <span class='ocrx_word' id='word_1_106' title='bbox 531 1817 636 1862; x_wconf 84' lang='lat' dir='ltr'>verum</span> <span class='ocrx_word' id='word_1_107' title='bbox 659 1799 767 1869; x_wconf 85' lang='lat' dir='ltr'>habet,</span> <span class='ocrx_word' id='word_1_108' title='bbox 797 1807 945 1878; x_wconf 79' lang='lat' dir='ltr'>eiusque</span> <span class='ocrx_word' id='word_1_109' title='bbox 971 1808 1018 1860; x_wconf 90' lang='lat' dir='ltr'>est</span> <span class='ocrx_word' id='word_1_110' title='bbox 1041 1802 1156 1880; x_wconf 86' lang='lat' dir='ltr'>absque</span> 
     </span>
    </p>

    <p class='ocr_par' dir='ltr' id='par_1_8' title="bbox 179 1901 1154 2062">
     <span class='ocr_line' id='line_1_16' title="bbox 179 1901 1154 1980; baseline -0.001 -17"><span class='ocrx_word' id='word_1_111' title='bbox 179 1906 233 1963; x_wconf 87' lang='lat'>15.</span> <span class='ocrx_word' id='word_1_112' title='bbox 261 1918 350 1975; x_wconf 89' lang='lat' dir='ltr'>vero,</span> <span class='ocrx_word' id='word_1_113' title='bbox 389 1907 420 1959; x_wconf 87' lang='lat' dir='ltr'>et</span> <span class='ocrx_word' id='word_1_114' title='bbox 447 1901 526 1976; x_wconf 87' lang='lat' dir='ltr'>qued</span> <span class='ocrx_word' id='word_1_115' title='bbox 556 1902 599 1958; x_wconf 90' lang='lat' dir='ltr'>sic</span> <span class='ocrx_word' id='word_1_116' title='bbox 625 1907 760 1977; x_wconf 86' lang='lat' dir='ltr'>tempore</span> <span class='ocrx_word' id='word_1_117' title='bbox 779 1902 887 1980; x_wconf 90' lang='lat' dir='ltr'>judicii</span> <span class='ocrx_word' id='word_1_118' title='bbox 914 1909 1036 1978; x_wconf 87' lang='lat' dir='ltr'>pereat,</span> <span class='ocrx_word' id='word_1_119' title='bbox 1069 1920 1154 1962; x_wconf 82' lang='lat' dir='ltr'>vers:</span> 
     </span>
     <span class='ocr_line' id='line_1_17' title="bbox 271 1988 455 2062; baseline -0.016 0"><span class='ocrx_word' id='word_1_120' title='bbox 271 2005 312 2062; x_wconf 86' lang='lat'>13</span> <span class='ocrx_word' id='word_1_121' title='bbox 330 2002 368 2059; x_wconf 79' lang='lat' dir='ltr'>au</span> <span class='ocrx_word' id='word_1_122' title='bbox 386 1988 455 2060; x_wconf 75' lang='lat' dir='ltr'>1ss</span> 
     </span>
    </p>

    <p class='ocr_par' dir='ltr' id='par_1_9' title="bbox 204 2101 1155 2373">
     <span class='ocr_line' id='line_1_18' title="bbox 204 2101 1155 2180; baseline -0.002 -16"><span class='ocrx_word' id='word_1_123' title='bbox 204 2108 234 2164; x_wconf 86' lang='lat'>3.</span> <span class='ocrx_word' id='word_1_124' title='bbox 288 2103 368 2178; x_wconf 87' lang='lat' dir='ltr'>Cap:</span> <span class='ocrx_word' id='word_1_125' title='bbox 387 2101 442 2160; x_wconf 91' lang='lat' dir='ltr'><strong>III.</strong></span> <span class='ocrx_word' id='word_1_126' title='bbox 478 2102 567 2178; x_wconf 83' lang='lat' dir='ltr'>Quod</span> <span class='ocrx_word' id='word_1_127' title='bbox 591 2102 688 2162; x_wconf 86' lang='lat' dir='ltr'>selum</span> <span class='ocrx_word' id='word_1_128' title='bbox 712 2104 794 2180; x_wconf 90' lang='lat' dir='ltr'>apud</span> <span class='ocrx_word' id='word_1_129' title='bbox 818 2102 1018 2162; x_wconf 79' lang='lat' dir='ltr'>Israeliticam</span> <span class='ocrx_word' id='word_1_130' title='bbox 1036 2109 1155 2180; x_wconf 84' lang='lat' dir='ltr'>gentem</span> 
     </span>
     <span class='ocr_line' id='line_1_19' title="bbox 265 2189 1153 2279; baseline 0 -16"><span class='ocrx_word' id='word_1_131' title='bbox 265 2207 401 2263; x_wconf 89' lang='lat' dir='ltr'>instituta</span> <span class='ocrx_word' id='word_1_132' title='bbox 413 2207 451 2261; x_wconf 89' lang='lat' dir='ltr'>sit</span> <span class='ocrx_word' id='word_1_133' title='bbox 464 2202 610 2278; x_wconf 83' lang='lat' dir='ltr'>Ecclesia,</span> <span class='ocrx_word' id='word_1_134' title='bbox 630 2221 723 2279; x_wconf 85' lang='lat' dir='ltr'>quare</span> <span class='ocrx_word' id='word_1_135' title='bbox 737 2203 778 2262; x_wconf 91' lang='lat' dir='ltr'>ibi</span> <span class='ocrx_word' id='word_1_136' title='bbox 791 2203 868 2263; x_wconf 87' lang='lat' dir='ltr'>ialsa</span> <span class='ocrx_word' id='word_1_137' title='bbox 883 2209 914 2263; x_wconf 88' lang='lat' dir='ltr'>et</span> <span class='ocrx_word' id='word_1_138' title='bbox 925 2189 1006 2263; x_wconf 88' lang='lat' dir='ltr'>mala</span> <span class='ocrx_word' id='word_1_139' title='bbox 1019 2204 1153 2263; x_wconf 87' lang='lat' dir='ltr'>lustran-</span> 
     </span>
     <span class='ocr_line' id='line_1_20' title="bbox 265 2306 622 2373; baseline 0 -11"><span class='ocrx_word' id='word_1_140' title='bbox 265 2306 407 2373; x_wconf 80' lang='lat' dir='ltr'>desunt,</span> <span class='ocrx_word' id='word_1_141' title='bbox 435 2320 520 2362; x_wconf 86' lang='lat' dir='ltr'>vers:</span> <span class='ocrx_word' id='word_1_142' title='bbox 545 2306 574 2361; x_wconf 91' lang='lat'>1.</span> <span class='ocrx_word' id='word_1_143' title='bbox 592 2308 622 2362; x_wconf 80' lang='lat'>2.</span> 
     </span>
    </p>

    <p class='ocr_par' dir='ltr' id='par_1_10' title="bbox 202 2403 1153 2677">
     <span class='ocr_line' id='line_1_21' title="bbox 202 2403 1153 2482; baseline -0.003 -15"><span class='ocrx_word' id='word_1_144' title='bbox 202 2409 231 2467; x_wconf 89' lang='lat'>3.</span> <span class='ocrx_word' id='word_1_145' title='bbox 286 2404 365 2481; x_wconf 87' lang='lat' dir='ltr'>quod</span> <span class='ocrx_word' id='word_1_146' title='bbox 382 2421 440 2462; x_wconf 88' lang='lat' dir='ltr'>uon</span> <span class='ocrx_word' id='word_1_147' title='bbox 456 2407 555 2480; x_wconf 85' lang='lat' dir='ltr'>possit</span> <span class='ocrx_word' id='word_1_148' title='bbox 571 2404 709 2463; x_wconf 87' lang='lat' dir='ltr'>Ecclesia</span> <span class='ocrx_word' id='word_1_149' title='bbox 726 2412 756 2463; x_wconf 88' lang='lat' dir='ltr'>et</span> <span class='ocrx_word' id='word_1_150' title='bbox 774 2404 861 2462; x_wconf 93' lang='lat' dir='ltr'>simul</span> <span class='ocrx_word' id='word_1_151' title='bbox 880 2403 996 2482; x_wconf 74' lang='lat' dir='ltr'>[Non]</span> <span class='ocrx_word' id='word_1_152' title='bbox 1016 2405 1153 2464; x_wconf 88' lang='lat' dir='ltr'>Ecclesia</span> 
     </span>
     <span class='ocr_line' id='line_1_22' title="bbox 264 2504 1148 2581; baseline 0 -18"><span class='ocrx_word' id='word_1_153' title='bbox 264 2507 342 2579; x_wconf 87' lang='lat' dir='ltr'>dari,</span> <span class='ocrx_word' id='word_1_154' title='bbox 362 2521 416 2563; x_wconf 92' lang='lat' dir='ltr'>nec</span> <span class='ocrx_word' id='word_1_155' title='bbox 433 2522 507 2564; x_wconf 88' lang='lat' dir='ltr'>vera</span> <span class='ocrx_word' id='word_1_156' title='bbox 525 2512 554 2564; x_wconf 91' lang='lat' dir='ltr'>et</span> <span class='ocrx_word' id='word_1_157' title='bbox 572 2504 650 2564; x_wconf 87' lang='lat' dir='ltr'>falsa</span> <span class='ocrx_word' id='word_1_158' title='bbox 667 2505 771 2574; x_wconf 91' lang='lat' dir='ltr'>simul,</span> <span class='ocrx_word' id='word_1_159' title='bbox 790 2507 860 2581; x_wconf 91' lang='lat' dir='ltr'>quin</span> <span class='ocrx_word' id='word_1_160' title='bbox 878 2504 1148 2580; x_wconf 86' lang='lat' dir='ltr'>deprehendantur,</span> 
     </span>
     <span class='ocr_line' id='line_1_23' title="bbox 265 2598 678 2677; baseline -0.007 -11"><span class='ocrx_word' id='word_1_161' title='bbox 265 2598 350 2666; x_wconf 59' lang='lat' dir='ltr'>veis:</span> <span class='ocrx_word' id='word_1_162' title='bbox 373 2606 445 2663; x_wconf 89' lang='lat' dir='ltr'>3ad</span> <span class='ocrx_word' id='word_1_163' title='bbox 462 2608 491 2664; x_wconf 88' lang='lat'>6.</span> <span class='ocrx_word' id='word_1_164' title='bbox 675 2671 678 2677; x_wconf 47' lang='grc'>,</span> 
     </span>
    </p>

    <p class='ocr_par' dir='ltr' id='par_1_11' title="bbox 204 2690 1151 2964">
     <span class='ocr_line' id='line_1_24' title="bbox 204 2690 1150 2782; baseline -0.002 -16"><span class='ocrx_word' id='word_1_165' title='bbox 204 2710 233 2766; x_wconf 89' lang='lat'>3.</span> <span class='ocrx_word' id='word_1_166' title='bbox 288 2705 368 2782; x_wconf 88' lang='lat' dir='ltr'>quod</span> <span class='ocrx_word' id='word_1_167' title='bbox 385 2706 532 2763; x_wconf 86' lang='lat' dir='ltr'>Dominus</span> <span class='ocrx_word' id='word_1_168' title='bbox 557 2706 589 2764; x_wconf 90' lang='lat' dir='ltr'>id</span> <span class='ocrx_word' id='word_1_169' title='bbox 616 2707 733 2764; x_wconf 87' lang='lat' dir='ltr'>omnine</span> <span class='ocrx_word' id='word_1_170' title='bbox 757 2706 922 2780; x_wconf 83' lang='lat' dir='ltr'>revelabit,</span> <span class='ocrx_word' id='word_1_171' title='bbox 949 2721 1035 2765; x_wconf 88' lang='lat' dir='ltr'>vers:</span> <span class='ocrx_word' id='word_1_172' title='bbox 1067 2712 1095 2766; x_wconf 80' lang='lat'>7.</span> <span class='ocrx_word' id='word_1_173' title='bbox 1122 2690 1150 2780; x_wconf 63' lang='lat'>8,</span> 
     </span>
     <span class='ocr_line' id='line_1_25' title="bbox 261 2800 1151 2883; baseline 0.002 -20"><span class='ocrx_word' id='word_1_174' title='bbox 261 2807 330 2864; x_wconf 89' lang='lat' dir='ltr'>inde</span> <span class='ocrx_word' id='word_1_175' title='bbox 349 2800 427 2863; x_wconf 77' lang='lat' dir='ltr'>inim</span> <span class='ocrx_word' id='word_1_176' title='bbox 444 2812 529 2882; x_wconf 87' lang='lat' dir='ltr'>patet</span> <span class='ocrx_word' id='word_1_177' title='bbox 546 2807 692 2883; x_wconf 89' lang='lat' dir='ltr'>quomode</span> <span class='ocrx_word' id='word_1_178' title='bbox 708 2807 846 2866; x_wconf 89' lang='lat' dir='ltr'>Ecclesia</span> <span class='ocrx_word' id='word_1_179' title='bbox 859 2807 1045 2881; x_wconf 85' lang='lat' dir='ltr'>devastatur,</span> <span class='ocrx_word' id='word_1_180' title='bbox 1067 2823 1151 2867; x_wconf 82' lang='lat' dir='ltr'>vers:</span> 
     </span>
     <span class='ocr_line' id='line_1_26' title="bbox 268 2905 381 2964; baseline -0.027 0"><span class='ocrx_word' id='word_1_181' title='bbox 268 2909 296 2964; x_wconf 88' lang='grc'>9.</span> <span class='ocrx_word' id='word_1_182' title='bbox 326 2905 381 2962; x_wconf 91' lang='grc'>10.</span> 
     </span>
    </p>

    <p class='ocr_par' dir='ltr' id='par_1_12' title="bbox 204 3004 1194 3182">
     <span class='ocr_line' id='line_1_27' title="bbox 204 3004 1179 3093; baseline -0.001 -28"><span class='ocrx_word' id='word_1_183' title='bbox 204 3009 234 3065; x_wconf 88' lang='grc'>3.</span> <span class='ocrx_word' id='word_1_184' title='bbox 288 3021 381 3080; x_wconf 90' lang='lat' dir='ltr'>quare</span> <span class='ocrx_word' id='word_1_185' title='bbox 399 3004 554 3062; x_wconf 90' lang='lat' dir='ltr'>Ecclesiae</span> <span class='ocrx_word' id='word_1_186' title='bbox 572 3023 645 3063; x_wconf 89' lang='lat' dir='ltr'>vera</span> <span class='ocrx_word' id='word_1_187' title='bbox 664 3024 681 3064; x_wconf 87' lang='lat' dir='ltr'>a</span> <span class='ocrx_word' id='word_1_188' title='bbox 699 3006 784 3066; x_wconf 87' lang='lat' dir='ltr'>salsis</span> <span class='ocrx_word' id='word_1_189' title='bbox 804 3014 947 3084; x_wconf 87' lang='lat' dir='ltr'>pereunt,</span> <span class='ocrx_word' id='word_1_190' title='bbox 976 3016 1065 3093; x_wconf 70' lang='lat' dir='ltr'>uersi</span> <span class='ocrx_word' id='word_1_191' title='bbox 1099 3013 1149 3082; x_wconf 90' lang='grc'>11,</span> <span class='ocrx_word' id='word_1_192' title='bbox 1174 3054 1179 3064; x_wconf 74' lang='lat'><strong>.</strong></span> 
     </span>
     <span class='ocr_line' id='line_1_28' title="bbox 265 3104 1194 3182; baseline 0.005 -19"><span class='ocrx_word' id='word_1_193' title='bbox 265 3113 294 3163; x_wconf 89' lang='lat' dir='ltr'>et</span> <span class='ocrx_word' id='word_1_194' title='bbox 307 3105 345 3162; x_wconf 93' lang='lat' dir='ltr'>ab</span> <span class='ocrx_word' id='word_1_195' title='bbox 359 3104 417 3162; x_wconf 88' lang='lat' dir='ltr'>illis</span> <span class='ocrx_word' id='word_1_196' title='bbox 435 3104 514 3163; x_wconf 89' lang='lat' dir='ltr'>bona</span> <span class='ocrx_word' id='word_1_197' title='bbox 532 3113 562 3164; x_wconf 85' lang='lat' dir='ltr'>et</span> <span class='ocrx_word' id='word_1_198' title='bbox 580 3123 652 3164; x_wconf 90' lang='lat' dir='ltr'>vera</span> <span class='ocrx_word' id='word_1_199' title='bbox 668 3106 761 3166; x_wconf 91' lang='lat' dir='ltr'>Verbi</span> <span class='ocrx_word' id='word_1_200' title='bbox 773 3109 974 3179; x_wconf 83' lang='lat' dir='ltr'>auferrentur,</span> <span class='ocrx_word' id='word_1_201' title='bbox 990 3125 1078 3171; x_wconf 85' lang='lat' dir='ltr'>vers:</span> <span class='ocrx_word' id='word_1_202' title='bbox 1097 3112 1149 3182; x_wconf 73' lang='lat'>12,</span> <span class='ocrx_word' id='word_1_203' title='bbox 1190 3136 1194 3141; x_wconf 93' lang='lat'>·</span> 
     </span>
    </p>

    <p class='ocr_par' dir='ltr' id='par_1_13' title="bbox 201 3204 1182 3293">
     <span class='ocr_line' id='line_1_29' title="bbox 201 3204 1182 3293; baseline 0.004 -28"><span class='ocrx_word' id='word_1_204' title='bbox 201 3207 232 3265; x_wconf 88' lang='lat'>3.</span> <span class='ocrx_word' id='word_1_205' title='bbox 285 3207 461 3264; x_wconf 83' lang='lat' dir='ltr'>tumemnia</span> <span class='ocrx_word' id='word_1_206' title='bbox 473 3204 644 3281; x_wconf 88' lang='lat' dir='ltr'>Ecclesiae,</span> <span class='ocrx_word' id='word_1_207' title='bbox 663 3224 748 3267; x_wconf 85' lang='lat' dir='ltr'>vers:</span> <span class='ocrx_word' id='word_1_208' title='bbox 772 3208 939 3267; x_wconf 87' lang='lat' dir='ltr'><strong>l3ad15.</strong></span> <span class='ocrx_word' id='word_1_209' title='bbox 1178 3286 1182 3293; x_wconf 28' lang='grc' dir='ltr'><strong><em>Ι</em></strong></span> 
     </span>
    </p>

    <p class='ocr_par' dir='ltr' id='par_1_14' title="bbox 202 3298 1152 3567">
     <span class='ocr_line' id='line_1_30' title="bbox 202 3298 1152 3384; baseline 0.003 -20"><span class='ocrx_word' id='word_1_210' title='bbox 202 3310 232 3364; x_wconf 82' lang='lat'>2.</span> <span class='ocrx_word' id='word_1_211' title='bbox 287 3305 368 3383; x_wconf 85' lang='lat' dir='ltr'>Cap:</span> <span class='ocrx_word' id='word_1_212' title='bbox 389 3305 443 3364; x_wconf 88' lang='lat' dir='ltr'>IV.</span> <span class='ocrx_word' id='word_1_213' title='bbox 469 3304 517 3364; x_wconf 90' lang='lat' dir='ltr'>De</span> <span class='ocrx_word' id='word_1_214' title='bbox 536 3298 595 3365; x_wconf 88' lang='lat' dir='ltr'>illis</span> <span class='ocrx_word' id='word_1_215' title='bbox 610 3311 660 3383; x_wconf 93' lang='lat' dir='ltr'>qui</span> <span class='ocrx_word' id='word_1_216' title='bbox 671 3307 837 3367; x_wconf 88' lang='lat' dir='ltr'>doctrinam</span> <span class='ocrx_word' id='word_1_217' title='bbox 849 3307 1004 3368; x_wconf 91' lang='lat' dir='ltr'>Ecclesiae</span> <span class='ocrx_word' id='word_1_218' title='bbox 1023 3327 1152 3384; x_wconf 81' lang='lat' dir='ltr'>perver-</span> 
     </span>
     <span class='ocr_line' id='line_1_31' title="bbox 265 3406 1147 3485; baseline 0 -19"><span class='ocrx_word' id='word_1_219' title='bbox 265 3413 346 3476; x_wconf 88' lang='lat' dir='ltr'>tunt,</span> <span class='ocrx_word' id='word_1_220' title='bbox 377 3406 456 3483; x_wconf 82' lang='lat' dir='ltr'>quod</span> <span class='ocrx_word' id='word_1_221' title='bbox 482 3408 570 3464; x_wconf 89' lang='lat' dir='ltr'>etiam</span> <span class='ocrx_word' id='word_1_222' title='bbox 590 3410 619 3466; x_wconf 94' lang='lat' dir='ltr'>in</span> <span class='ocrx_word' id='word_1_223' title='bbox 642 3409 721 3468; x_wconf 83' lang='lat' dir='ltr'>salsa</span> <span class='ocrx_word' id='word_1_224' title='bbox 741 3411 771 3467; x_wconf 92' lang='lat' dir='ltr'>iu</span> <span class='ocrx_word' id='word_1_225' title='bbox 790 3409 930 3468; x_wconf 78' lang='lat' dir='ltr'>extremis</span> <span class='ocrx_word' id='word_1_226' title='bbox 948 3407 1065 3485; x_wconf 90' lang='lat' dir='ltr'>lapsuri</span> <span class='ocrx_word' id='word_1_227' title='bbox 1082 3411 1147 3482; x_wconf 88' lang='lat' dir='ltr'>sint,</span> 
     </span>
     <span class='ocr_line' id='line_1_32' title="bbox 262 3506 492 3567; baseline -0.004 -2"><span class='ocrx_word' id='word_1_228' title='bbox 262 3526 349 3567; x_wconf 89' lang='lat' dir='ltr'>vers:</span> <span class='ocrx_word' id='word_1_229' title='bbox 374 3506 446 3566; x_wconf 90' lang='lat' dir='ltr'>lad</span> <span class='ocrx_word' id='word_1_230' title='bbox 463 3509 492 3565; x_wconf 88' lang='grc'>3.</span> 
     </span>
    </p>

    <p class='ocr_par' dir='ltr' id='par_1_15' title="bbox 202 3607 1147 3783">
     <span class='ocr_line' id='line_1_33' title="bbox 202 3607 1147 3683; baseline 0.001 -18"><span class='ocrx_word' id='word_1_231' title='bbox 202 3612 232 3665; x_wconf 78' lang='lat'>2.</span> <span class='ocrx_word' id='word_1_232' title='bbox 287 3608 366 3683; x_wconf 87' lang='lat' dir='ltr'>quod</span> <span class='ocrx_word' id='word_1_233' title='bbox 385 3607 497 3665; x_wconf 91' lang='lat' dir='ltr'>cultum</span> <span class='ocrx_word' id='word_1_234' title='bbox 516 3609 626 3666; x_wconf 87' lang='lat' dir='ltr'>iaciant</span> <span class='ocrx_word' id='word_1_235' title='bbox 646 3609 677 3665; x_wconf 93' lang='lat' dir='ltr'>iu</span> <span class='ocrx_word' id='word_1_236' title='bbox 696 3612 826 3666; x_wconf 80' lang='lat' dir='ltr'>externis</span> <span class='ocrx_word' id='word_1_237' title='bbox 845 3608 1010 3668; x_wconf 89' lang='lat' dir='ltr'>secundum</span> <span class='ocrx_word' id='word_1_238' title='bbox 1027 3615 1147 3683; x_wconf 86' lang='lat' dir='ltr'>statuta,</span> 
     </span>
     <span class='ocr_line' id='line_1_34' title="bbox 261 3707 1146 3783; baseline 0.005 -20"><span class='ocrx_word' id='word_1_239' title='bbox 261 3709 312 3782; x_wconf 92' lang='lat' dir='ltr'>qui</span> <span class='ocrx_word' id='word_1_240' title='bbox 329 3707 434 3764; x_wconf 86' lang='lat' dir='ltr'>similis</span> <span class='ocrx_word' id='word_1_241' title='bbox 454 3710 523 3778; x_wconf 88' lang='lat' dir='ltr'>erit,</span> <span class='ocrx_word' id='word_1_242' title='bbox 546 3714 580 3765; x_wconf 88' lang='lat' dir='ltr'>ut</span> <span class='ocrx_word' id='word_1_243' title='bbox 597 3707 695 3766; x_wconf 90' lang='lat' dir='ltr'>solum</span> <span class='ocrx_word' id='word_1_244' title='bbox 713 3710 743 3765; x_wconf 92' lang='lat' dir='ltr'>in</span> <span class='ocrx_word' id='word_1_245' title='bbox 761 3711 911 3783; x_wconf 82' lang='lat' dir='ltr'>extremis,</span> <span class='ocrx_word' id='word_1_246' title='bbox 930 3725 1016 3768; x_wconf 87' lang='lat' dir='ltr'>vers:</span> <span class='ocrx_word' id='word_1_247' title='bbox 1038 3710 1108 3768; x_wconf 74' lang='lat' dir='ltr'>tad</span> <span class='ocrx_word' id='word_1_248' title='bbox 1120 3711 1146 3768; x_wconf 87' lang='lat'>6.</span> 
     </span>
    </p>

    <p class='ocr_par' dir='ltr' id='par_1_16' title="bbox 200 3805 1150 3979">
     <span class='ocr_line' id='line_1_35' title="bbox 200 3805 1150 3887; baseline 0.003 -24"><span class='ocrx_word' id='word_1_249' title='bbox 200 3809 231 3863; x_wconf 80' lang='lat'>2.</span> <span class='ocrx_word' id='word_1_250' title='bbox 285 3805 365 3881; x_wconf 88' lang='lat' dir='ltr'>quod</span> <span class='ocrx_word' id='word_1_251' title='bbox 382 3823 558 3864; x_wconf 86' lang='lat' dir='ltr'>remansura</span> <span class='ocrx_word' id='word_1_252' title='bbox 577 3810 637 3865; x_wconf 86' lang='lat' dir='ltr'>sint</span> <span class='ocrx_word' id='word_1_253' title='bbox 659 3808 806 3884; x_wconf 87' lang='lat' dir='ltr'>quaedam</span> <span class='ocrx_word' id='word_1_254' title='bbox 829 3826 919 3884; x_wconf 84' lang='lat' dir='ltr'>vera,</span> <span class='ocrx_word' id='word_1_255' title='bbox 947 3826 1015 3868; x_wconf 90' lang='lat' dir='ltr'>cnm</span> <span class='ocrx_word' id='word_1_256' title='bbox 1033 3810 1150 3887; x_wconf 88' lang='lat' dir='ltr'>reliqua</span> 
     </span>
     <span class='ocr_line' id='line_1_36' title="bbox 261 3896 1048 3979; baseline 0.009 -18"><span class='ocrx_word' id='word_1_257' title='bbox 261 3910 331 3962; x_wconf 90' lang='lat' dir='ltr'>sunt</span> <span class='ocrx_word' id='word_1_258' title='bbox 347 3903 439 3978; x_wconf 84' lang='lat' dir='ltr'>falsa,</span> <span class='ocrx_word' id='word_1_259' title='bbox 458 3896 537 3964; x_wconf 87' lang='lat' dir='ltr'>unde</span> <span class='ocrx_word' id='word_1_260' title='bbox 554 3924 629 3966; x_wconf 85' lang='lat' dir='ltr'>vera</span> <span class='ocrx_word' id='word_1_261' title='bbox 646 3925 705 3967; x_wconf 89' lang='lat' dir='ltr'>non</span> <span class='ocrx_word' id='word_1_262' title='bbox 722 3908 838 3979; x_wconf 86' lang='lat' dir='ltr'>valent,</span> <span class='ocrx_word' id='word_1_263' title='bbox 856 3925 942 3968; x_wconf 87' lang='lat' dir='ltr'>vers:</span> <span class='ocrx_word' id='word_1_264' title='bbox 965 3914 994 3968; x_wconf 80' lang='lat'>7.</span> <span class='ocrx_word' id='word_1_265' title='bbox 1017 3911 1048 3968; x_wconf 90' lang='lat'>8.</span> 
     </span>
    </p>

    <p class='ocr_par' dir='ltr' id='par_1_17' title="bbox 199 4003 1147 4084">
     <span class='ocr_line' id='line_1_37' title="bbox 199 4003 1147 4084; baseline 0.001 -19"><span class='ocrx_word' id='word_1_266' title='bbox 199 4008 229 4065; x_wconf 87' lang='lat'>3.</span> <span class='ocrx_word' id='word_1_267' title='bbox 284 4003 363 4080; x_wconf 86' lang='lat' dir='ltr'>quod</span> <span class='ocrx_word' id='word_1_268' title='bbox 381 4004 449 4062; x_wconf 87' lang='lat' dir='ltr'>dein</span> <span class='ocrx_word' id='word_1_269' title='bbox 463 4005 620 4065; x_wconf 83' lang='lat' dir='ltr'>falsificata</span> <span class='ocrx_word' id='word_1_270' title='bbox 634 4011 694 4066; x_wconf 87' lang='lat' dir='ltr'>sint</span> <span class='ocrx_word' id='word_1_271' title='bbox 712 4012 810 4068; x_wconf 92' lang='lat' dir='ltr'>omnia</span> <span class='ocrx_word' id='word_1_272' title='bbox 822 4008 989 4084; x_wconf 86' lang='lat' dir='ltr'>Ecclesiae,</span> <span class='ocrx_word' id='word_1_273' title='bbox 1009 4025 1094 4069; x_wconf 87' lang='lat' dir='ltr'>vers:</span> <span class='ocrx_word' id='word_1_274' title='bbox 1116 4011 1147 4067; x_wconf 87' lang='grc'>9.</span> 
     </span>
    </p>

    <p class='ocr_par' dir='ltr' id='par_1_18' title="bbox 200 4105 1148 4288">
     <span class='ocr_line' id='line_1_38' title="bbox 200 4105 1148 4187; baseline 0.002 -21"><span class='ocrx_word' id='word_1_275' title='bbox 200 4108 230 4166; x_wconf 88' lang='grc'>3.</span> <span class='ocrx_word' id='word_1_276' title='bbox 284 4110 314 4163; x_wconf 90' lang='lat' dir='ltr'>et</span> <span class='ocrx_word' id='word_1_277' title='bbox 332 4105 449 4165; x_wconf 92' lang='lat' dir='ltr'>demum</span> <span class='ocrx_word' id='word_1_278' title='bbox 466 4122 521 4182; x_wconf 88' lang='lat' dir='ltr'>per</span> <span class='ocrx_word' id='word_1_279' title='bbox 539 4107 702 4166; x_wconf 87' lang='lat' dir='ltr'>scientifica</span> <span class='ocrx_word' id='word_1_280' title='bbox 719 4109 872 4169; x_wconf 87' lang='lat' dir='ltr'>sensualia</span> <span class='ocrx_word' id='word_1_281' title='bbox 888 4109 1080 4187; x_wconf 87' lang='lat' dir='ltr'>prophanata</span> <span class='ocrx_word' id='word_1_282' title='bbox 1097 4124 1148 4168; x_wconf 90' lang='lat' dir='ltr'>us-</span> 
     </span>
     <span class='ocr_line' id='line_1_39' title="bbox 260 4206 1145 4288; baseline 0.008 -26"><span class='ocrx_word' id='word_1_283' title='bbox 260 4222 318 4282; x_wconf 90' lang='lat' dir='ltr'>que</span> <span class='ocrx_word' id='word_1_284' title='bbox 342 4206 380 4264; x_wconf 91' lang='lat' dir='ltr'>ad</span> <span class='ocrx_word' id='word_1_285' title='bbox 406 4208 505 4266; x_wconf 87' lang='lat' dir='ltr'>omnia</span> <span class='ocrx_word' id='word_1_286' title='bbox 528 4207 703 4283; x_wconf 90' lang='lat' dir='ltr'>Ecclesiae,</span> <span class='ocrx_word' id='word_1_287' title='bbox 730 4216 763 4268; x_wconf 89' lang='lat' dir='ltr'>ut</span> <span class='ocrx_word' id='word_1_288' title='bbox 780 4212 833 4270; x_wconf 85' lang='lat' dir='ltr'>vix</span> <span class='ocrx_word' id='word_1_289' title='bbox 851 4210 966 4288; x_wconf 90' lang='lat' dir='ltr'>aliquid</span> <span class='ocrx_word' id='word_1_290' title='bbox 982 4210 1145 4284; x_wconf 86' lang='lat' dir='ltr'>residuum,</span> 
     </span>
    </p>
   </div>
   <div class='ocr_carea' id='block_1_3' title="bbox 0 0 1268 4808">
    <p class='ocr_par' dir='ltr' id='par_1_19' title="bbox 0 0 1268 4808">
     <span class='ocr_line' id='line_1_40' title="bbox 0 0 1268 4808; baseline 0 1"><span class='ocrx_word' id='word_1_291' title='bbox 0 0 1268 4808; x_wconf 95' lang='lat' dir='ltr'> </span> 
     </span>
    </p>
   </div>
  </div>
 </body>
</html>
