2528 4808
103 291 120 342 a
352 277 449 335 usna.
470 275 551 333 cnr.
572 273 658 340 nvn,
680 283 696 335 a
719 271 833 338 -xx1,
855 279 901 333 11.

133 441 186 500 11.
210 441 242 498 2.
295 438 376 514 quod
398 437 579 496 inservitura
596 451 692 493 novae
710 432 880 505 Ecclesiae,
909 446 993 489 vcra:
1023 432 1055 490 3.
1083 434 1171 510 quod

272 536 326 596 illa
339 538 465 596 scientia
478 536 677 612 cognitionum
691 535 747 593 crit
760 540 830 592 tuuc
845 548 923 602 rura,
936 547 1017 591 vers:
1036 535 1070 592 4.
1087 534 1117 593 5.
1131 537 1165 594 6.

140 641 195 699 11.
215 639 245 696 2.
299 641 330 696 at
346 637 426 713 quod
443 634 620 695 iulormandi
639 636 698 693 sint
715 633 883 708 aDomiuc,
902 648 988 691 vers:
1013 637 1042 690 l.
1066 634 1099 692 3.

138 742 192 797 11.
214 739 244 795 2.
298 736 377 813 quod
395 738 445 813 qui
462 754 520 794 uon
538 735 689 794 informari
703 751 737 793 se
754 735 910 810 patiuntur
927 749 945 790 a
961 732 1094 792 Domino
1113 734 1166 792 lu-

273 839 332 895 turi
346 838 376 895 in
390 836 508 896 defectu
526 837 670 909 omnium,
692 851 727 895 ao
745 851 800 911 pro
819 835 898 897 veris
917 832 994 891 salsa
1011 836 1167 910 arrepturi

271 939 345 1007 sint,
362 953 447 996 vers:
472 939 489 994 9
509 935 547 995 ad
564 938 617 994 14.

218 1041 250 1097 2.
300 1035 381 1115 Gap:
404 1036 529 1097 XVIII:
557 1037 593 1095 de
612 1035 671 1094 illis
691 1037 742 1111 qui
758 1036 789 1092 iu
807 1050 898 1094 caeca
916 1035 1084 1109 ignorantia
1104 1052 1163 1094 vo-

271 1137 336 1196 lunt
354 1155 422 1198 esse
441 1137 586 1197 derebus
605 1136 726 1206 salutiS,
750 1136 802 1210 qui
819 1141 889 1193 sunt
904 1133 1023 1208 Kuach,
1052 1135 1162 1210 quales

271 1245 348 1310 suut,
367 1255 450 1297 vers:
475 1241 503 1295 1.
525 1242 556 1295 2.

219 1341 248 1399 3.
299 1338 379 1414 quod
396 1355 465 1397 cum
481 1335 696 1395 instaurabitur
712 1334 867 1404 Ecclesia,
888 1334 1062 1411 rejicientur
1081 1337 1164 1395 sicut

273 1440 368 1509 nauci,
386 1453 470 1495 vers:
493 1437 564 1496 3ad
582 1439 618 1508 6,

189 1541 243 1597 11.
296 1536 376 1614 quod
392 1553 488 1612 usque
507 1539 604 1612 quiin
621 1537 789 1612 ignorantia
806 1541 876 1592 sunt
894 1552 931 1592 ex
951 1550 986 1592 eo
1002 1535 1083 1611 quod
1099 1535 1161 1594 illis

274 1653 333 1694 non
350 1636 501 1710 Ecclesia,
521 1637 560 1694 ad
576 1637 719 1696 Divinum
737 1636 889 1694 accessuri
907 1636 974 1707 sint,
993 1652 1080 1694 vera:
1104 1640 1135 1693 7.

218 1741 247 1795 2.
302 1735 413 1814 [Capz]
438 1735 525 1794 XIX.
565 1737 601 1796 de
618 1736 677 1795 illis
697 1739 747 1812 qui
771 1752 809 1794 ex
827 1736 893 1794 sola
910 1736 1036 1793 scientia
1054 1735 1161 1793 talium

171 1897 182 1916 ,
274 1854 350 1912 quae
364 1835 457 1897 Verbi
472 1843 501 1895 et
518 1837 673 1898 Ecclesiae
691 1844 761 1905 sunt
779 1836 892 1894 iaciunt
905 1834 962 1893 sibi
973 1835 1159 1911 religionem,

275 1943 305 1995 et
322 1939 372 2013 qui
389 1941 499 1996 intrant
516 1939 546 1995 in
563 1937 661 2006 illam,
688 1954 766 2013 quae
783 1935 960 2012 Aegyptum,
987 1936 1067 2011 quod
1091 1937 1161 1995 inde

273 2040 494 2098 coutroversiae
513 2046 543 2097 et
560 2039 718 2112 haereses,
744 2044 774 2096 et
792 2035 872 2112 quod
894 2037 1004 2094 intrent
1025 2039 1057 2094 iu
1083 2036 1161 2095 lalsa

271 2139 366 2197 omnis
383 2140 517 2214 generis,
537 2154 622 2197 vers:
646 2140 660 2195 1
680 2137 760 2195 ad4.

216 2242 246 2296 2.
301 2237 380 2313 quod
397 2238 456 2298 illis
469 2240 604 2314 peritura
617 2237 676 2295 sint
692 2239 792 2296 omnia
803 2253 887 2305 vera,
905 2251 989 2297 vers:
1013 2237 1029 2296 5
1046 2236 1087 2294 all
1104 2239 1161 2294 ro..

165 2343 195 2399 2.
218 2341 248 2400 3.
299 2338 379 2414 quod
396 2340 513 2398 insania
535 2338 601 2398 loeo
621 2337 853 2414 intelligentiae,
879 2353 966 2396 vers:
1000 2335 1089 2414 [11.]
1115 2339 1155 2395 12

178 2441 233 2502 15.
269 2439 378 2499 ad15.
397 2441 476 2516 quod
493 2441 628 2516 perituri,
651 2455 734 2498 vers:
758 2442 800 2498 15
818 2437 857 2496 ad
873 2440 925 2495 ll.

189 2545 242 2600 11.
296 2541 376 2618 quod
400 2542 472 2600 talia
489 2540 652 2602 scientifica
673 2541 743 2597 usui
764 2540 880 2606 lutura,
904 2536 974 2596 dum
994 2555 1011 2596 a
1028 2537 1158 2599 Domino

272 2642 421 2699 informati
439 2644 551 2700 suntin
564 2644 654 2711 veria,
672 2657 756 2697 vers:
780 2640 822 2697 18
838 2638 877 2696 acl
891 2642 946 2711 22,

111 2740 164 2797 11.
189 2743 242 2798 12.
294 2740 375 2815 quod
389 2745 458 2798 tunc
472 2740 647 2816 spirituale,
654 2740 800 2797 rationale
814 2746 845 2798 ot
857 2738 1053 2797 scientificum
1068 2755 1159 2795 unum

270 2845 374 2915 agent,
397 2855 482 2897 vers:
504 2839 667 2899 aaadao.
1113 2843 1116 2847 ’

166 2943 196 2997 2.
220 2941 250 2999 3.
306 2937 415 3016 [Cap:]
435 2937 506 2999 XX.
528 2938 576 2999 De
594 2939 708 3014 iisdem,
728 2943 799 3016 quia
817 2939 964 3016 deprivati
980 2941 1060 2999 veris
1079 2945 1158 3012 suut,

271 3039 350 3117 quod
379 3041 535 3099 ratiocinia
561 3042 699 3100 auferent
721 3040 805 3115 illua,
840 3046 870 3099 ct
896 3040 1097 3100 devastabunt
1121 3038 1159 3096 ab

272 3142 350 3199 omni
368 3138 447 3198 bono
462 3141 629 3217 religionis,
649 3157 734 3200 vers:
758 3145 773 3200 1
792 3141 831 3200 ad
847 3143 876 3199 6.

164 3239 244 3299 3.1.
298 3230 407 3329 [Gapzl
427 3239 514 3300 XXI.
547 3241 635 3317 Quod
652 3258 710 3300 nou
731 3233 843 3300 bouum
866 3243 1003 3301 naturale
1031 3242 1160 3318 amplius

268 3343 436 3419 supererit,
463 3359 545 3401 vers:
568 3341 683 3400 lade.
711 3341 905 3418 Exspectatio
923 3342 1045 3401 Domini
1062 3358 1158 3418 quau·

269 3444 305 3503 do
329 3443 467 3502 naturale
486 3445 613 3519 primum
633 3441 826 3501 imbuendmu
847 3448 894 3502 cat
916 3445 996 3501 veris
1017 3450 1048 3502 et
1070 3442 1161 3512 bono,

267 3560 352 3602 vera:
377 3543 447 3602 aad
462 3549 490 3618 7,

182 3642 237 3698 11.
290 3648 352 3698 tum
370 3643 531 3714 rationale,
549 3638 646 3701 'versz
678 3645 707 3702 8.
732 3645 761 3700 9.
785 3644 845 3716 10,
877 3643 956 3700 sicut
980 3641 1160 3702 adulteratio

267 3737 339 3797 boni
356 3745 386 3797 et
403 3741 469 3796 veri
481 3739 598 3815 desinit,
617 3759 704 3800 vers:
727 3745 756 3800 9.

163 3841 192 3898 3.
211 3841 240 3896 1.
294 3837 382 3912 Quod
400 3837 547 3896 adventus
564 3838 685 3900 Domini
699 3839 899 3918 exspectetur,
919 3857 1006 3899 vers:
1032 3843 1156 3915 11.12.

129 3941 237 3997 2.11.
293 3938 372 4014 quod
401 3942 472 3996 tuuc
502 3941 686 4015 cognitiones
717 3940 788 4000 boni
819 3946 849 4001 et
880 3943 945 3999 veri
968 3940 1027 3999 illis
1053 3944 1105 4018 qui
1127 3942 1158 4000 iu

267 4039 449 4116 ignorantia,
468 4055 552 4097 vers:
576 4041 630 4098 13.
652 4043 705 4100 14.

158 4142 188 4200 2.
208 4141 237 4199 3.
291 4137 371 4216 quod
400 4145 544 4198 venturus
574 4157 641 4200 oum
674 4158 776 4201 omnes
814 4141 995 4219 cognitIones
1028 4144 1094 4200 veri
1128 4146 1159 4199 ot
