2528 4808
346 319 478 374 PSALM:
500 319 600 386 LXIX,
622 332 636 380 7
661 321 820 386 -Lxxllb
843 331 888 382 11.
1091 334 1144 385 lor

83 480 277 550 sustinuerit,
307 495 396 537 νοτες
426 484 455 536 7.
479 480 509 536 8.
545 480 625 555 quod
647 482 809 556 ignominia
829 479 975 539 afficiatur
1011 486 1042 539 4.

84 577 169 654 apud
192 573 261 636 illos
287 575 398 658 [apud]
426 595 501 654 quos
529 579 584 638 luit
610 580 764 652 Ecclesia,
793 596 879 640 νοτες
907 580 980 638 9ο1

91 680 145 737 13.
174 680 269 738 oratio
289 680 328 737 ad
351 680 472 738 Patrem
491 686 525 737 nt
547 683 686 755 assistat,
719 698 756 740 ne
779 681 823 740 illi
847 698 978 756 pracva-

83 779 184 850 leant,
212 796 300 839 vers:
332 783 375 838 14
396 779 510 839 ad21.

136 896 205 938 oum
218 879 404 940 desideraret
420 880 577 940 Ecclesiae
596 881 707 938 bonnm
721 891 750 940 et
762 899 877 957 verum,
897 884 976 959 qnod
1013 887 1043 942 4.

84 979 224 1040 dederint
239 980 304 1057 Ipsi
326 981 437 1040 salsum
463 987 494 1040 et
518 981 644 1055 malum,
672 984 753 1040 utin
772 1000 863 1042 cruce
881 983 922 1043 iel
946 990 976 1042 ct
1014 987 1043 1043 9.

84 1087 224 1150 acetum,
248 1099 334 1140 νοτες
357 1085 414 1152 22,
1011 1089 1041 1143 9.

136 1181 216 1256 quod
232 1190 395 1258 propterea
411 1182 585 1257 perdantur,
606 1199 691 1240 νοτες
715 1185 758 1240 23
775 1183 814 1240 ad
829 1185 883 1241 29.
1011 1187 1041 1244 3.

135 1299 203 1341 cuni
229 1282 390 1354 liberatus,
422 1283 503 1358 quod
527 1282 752 1359 praedicabitur
780 1283 977 1360 evangelium,
1020 1290 1072 1345 ll.
1093 1291 1146 1346 17.

82 1399 164 1442 νοτες
187 1385 231 1442 36
248 1383 286 1441 ad
303 1386 357 1442 32.
378 1386 449 1458 quia
466 1391 536 1442 tunc
554 1382 691 1442 salvandi
709 1386 759 1458 qui
775 1384 813 1442 ab
831 1385 978 1460 Ecclesia,

85 1485 136 1558 qui
156 1484 256 1544 colent
266 1484 385 1560 Ipsum,
404 1500 489 1542 rere:
511 1485 554 1543 33
573 1483 611 1542 ad
628 1485 683 1542 37.

136 1584 192 1642 Pe:
216 1584 313 1644 LXX.
349 1584 452 1644 Oratio
471 1584 510 1642 ad
529 1584 649 1642 Patrem
670 1592 703 1641 ut
721 1587 845 1642 assistat
864 1594 968 1644 contra
1004 1590 1144 1648 e.13.5.

82 1684 208 1758 inferna,
227 1702 312 1743 νοτες
337 1689 351 1743 1
368 1685 406 1743 ad
419 1688 450 1743 4.
471 1687 501 1742 6,

136 1791 170 1842 ut
188 1786 273 1844 salus
294 1789 333 1844 sit
354 1785 413 1844 illis
436 1788 486 1860 qui
505 1784 610 1861 Ipsum
639 1785 750 1858 colent,
782 1803 865 1845 νοτες
897 1791 924 1846 5.
1014 1793 1068 1848 17.

134 1885 193 1945 Ps:
221 1885 336 1944 LXXI.
382 1886 507 1944 Fiducia
532 1886 612 1960 quod
634 1885 726 1944 Pater
751 1886 815 1962 Ipsi
839 1890 971 1962 assistat,
1012 1892 1066 1948 13.
1090 1895 1119 1948 7.

82 2003 170 2045 νοτες
202 1986 276 2044 lad
292 1990 323 2044 4.
353 1990 456 2060 7,12.
481 1989 535 2044 14.
565 1986 852 2060 quodanativitate
871 1986 971 2063 Ipsius
1040 1993 1094 2049 10.

82 2094 175 2156 esset,
192 2103 277 2146 vers:
300 2091 330 2146 6.
352 2092 380 2145 7.

133 2207 171 2247 ne
189 2188 307 2247 inferna
329 2187 429 2246 dicant
448 2187 527 2262 quod
546 2185 668 2245 relictus
694 2188 732 2244 sit
750 2188 866 2256 aDeo,
891 2204 976 2247 νοτες
1016 2192 1045 2247 9,

86 2289 160 2346 ‘iad
178 2291 232 2347 11.

134 2388 214 2465 quod
231 2391 276 2449 sic
290 2389 442 2463 recedent,
456 2405 539 2447 vers:
564 2391 616 2447 13.
645 2390 724 2463 qnod
738 2392 781 2448 sic
794 2406 900 2447 nomen
914 2390 974 2448 Dei
1012 2393 1042 2448 8,

83 2489 324 2565 praedicabitur,
348 2506 434 2547 νοτε
457 2493 486 2548 8.
510 2490 678 2548 1581119.
696 2489 858 2548 22ad24.

132 2590 438 2666 cumIpsirictoria‚
456 2606 542 2648 νςοτε
566 2593 620 2649 20.
636 2593 692 2648 24.
828 2593 837 2609 ⁶
1014 2595 1043 2651 8.

131 2692 190 2750 Ρες
209 2689 338 2750 LXXII.
371 2689 419 2748 De
442 2706 534 2766 regno
552 2690 687 2765 Domrm,
721 2706 808 2749 νοτε
841 2693 869 2747 l
891 2694 908 2747 2
914 2693 1067 2750 .4.12.

80 2792 128 2851 De
147 2799 230 2850 statu
249 2792 339 2850 beato
353 2790 472 2848 illorum
487 2793 537 2866 qui
556 2807 572 2848 e
589 2790 694 2868 Regno
712 2790 776 2866 Ips
767 2807 824 2862 ms,
842 2807 926 2848 νοτες
948 2793 979 2848 3

85 2894 113 2950 6.
138 2897 166 2950 7.
192 2892 322 2950 15.16.

131 2992 168 3050 de
188 2991 272 3050 cultu
293 2990 395 3066 Ipsius
421 3008 458 3048 ex
476 3008 577 3049 amore
597 2998 627 3050 et
649 2992 707 3050 fide
727 2991 766 3048 ab
784 2996 922 3066 aeterno,
944 2999 974 3051 et
1013 2996 1067 3050 12.
1087 2995 1142 3053 16.

80 3099 201 3168 postea,
228 3108 313 3152 vers:
346 3092 374 3149 5.
413 3091 450 3150 de
468 3090 590 3150 dominii
606 3093 707 3168 Ipsius
725 3092 928 3168 magnitudino
951 3099 981 3151 et

80 3194 267 3266 extensione,
282 3208 367 3250 νοτες
378 3192 408 3248 ·8
424 3192 463 3249 ad
480 3194 532 3250 12.

131 3312 169 3370 de
191 3310 287 3370 tutela
305 3319 336 3370 et
353 3311 546 3385 redemtione,
566 3329 651 3371 vers:
675 3316 729 3369 12.
751 3312 804 3367 13.
827 3313 881 3368 14.
901 3310 981 3384 qnod
1016 3311 1078 3369 NB.

79 3414 257 3488 agnoverint
278 3411 422 3471 Divinum
448 3413 621 3470 Humanum
639 3412 677 3468 ab
697 3418 834 3481 aeterno,
866 3413 897 3467 in
916 3427 974 3484 qno
1014 3415 1068 3468 11.

78 3529 165 3571 omne
180 3511 298 3585 salutis,
315 3528 401 3570 vers:
426 3517 480 3570 11.
1010 3513 1065 3569 lo.

131 3630 304 3690 Celebratio
321 3630 434 3706 Ipsius,
453 3646 537 3689 νοτες
558 3631 611 3686 18.
631 3630 685 3686 19.
1015 3632 1069 3688 16.
1091 3635 1144 3688 17.

131 3756 189 3815 Ρες
209 3755 355 3814 LXXIII.
375 3755 511 3814 Mirabile
527 3755 712 3830 quibusdam,
729 3755 808 3830 quod
822 3757 892 3814 mali
906 3756 973 3833 glo·
1012 3761 1042 3814 2.

79 3858 194 3915 riantur
213 3861 243 3914 et
261 3856 323 3933 [se]
343 3856 419 3914 bene
437 3855 578 3925 habeant,
604 3873 693 3914 vers:
724 3860 737 3913 1
756 3856 795 3914 ad
813 3859 842 3913 9.

130 3976 210 4051 quod
226 3976 298 4033 boni
314 3993 370 4052 per
387 3975 444 4033 hoc
464 3991 497 4034 se
529 3975 694 4051 seducant,
727 3982 870 4052 putantes
896 3977 975 4052 qnod
1012 3981 1042 4034 2.

79 4076 189 4134 bonum
207 4075 280 4134 nihil
298 4076 400 4153 juvet.
421 4092 475 4134 nec
496 4075 626 4145 afflictio,
644 4093 729 4134 νοτες
754 4079 796 4133 lo
814 4076 851 4133 ad
868 4080 921 4134 14.

130 4195 184 4254 scd
208 4201 316 4272 postea
340 4196 417 4254 scire
443 4195 544 4252 datum
577 4203 639 4271 ost,
673 4197 753 4273 quod
779 4196 850 4254 nrali
878 4215 972 4274 usquc
1012 4200 1042 4252 2.
