2528 4808
103 306 119 358 8
329 294 428 353 Esne.
452 295 530 349 CAP.
551 294 641 359 XXV,
665 303 684 354 6
704 290 868 357 -XXVIII,
890 301 917 351 2.

107 459 162 517 ll.
185 456 238 515 16.
294 454 374 532 quod
391 454 537 513 Dominus
556 453 615 512 illis
635 461 794 530 aperturus
816 453 855 509 sit
876 467 963 525 vera,
989 455 1020 510 et
1038 451 1162 511 ablatu-

266 570 319 615 rus
333 553 468 612 obortam
483 557 670 624 caecitatem,
689 570 776 612 vers:
799 551 907 611 sads,
926 552 1075 612 consessio
1092 553 1162 612 Do-

269 655 341 713 mini
354 653 392 712 ab
409 653 478 729 illis,
496 671 581 714 vers:
604 657 634 714 9.
658 657 712 713 10.
780 711 785 722 ,

216 757 247 816 3.
302 754 382 831 quod
404 754 582 814 adulteratio
605 755 676 813 boni
693 753 848 814 Ecclesiae
875 757 906 811 et
923 751 1018 811 Verbi
1035 769 1161 828 prorsus

273 853 453 924 destruetur,
473 871 558 913 vers:
584 857 626 913 10
641 854 680 912 ad
695 857 749 913 12.

193 958 248 1015 16.
301 953 380 1031 Cap:
398 954 515 1014 XXVI.
535 954 709 1031 glorificatio
722 954 843 1013 Domini
857 960 980 1030 propter
997 952 1161 1012 doctrinam

270 1057 335 1116 veri
353 1054 390 1113 ab
408 1054 498 1131 Ipso,
532 1073 620 1131 quam
643 1056 794 1131 recepturi
819 1062 848 1113 et
866 1054 1047 1127 consessuri,
1073 1069 1161 1112 vers:

275 1155 386 1215 1ad4.

163 1259 193 1318 3.
216 1260 245 1316 1.
299 1255 380 1334 quod
396 1255 533 1315 Ecclesia
554 1263 642 1314 vetus
666 1271 791 1331 prorsus
811 1254 964 1314 destructa
981 1254 1095 1330 rejecta
1113 1255 1160 1325 sit,

271 1373 358 1416 vers:
382 1357 410 1414 5.
429 1358 458 1414 6.
485 1373 577 1431 quare
596 1363 666 1415 tunc
686 1358 871 1431 exspectatio
890 1355 1036 1413 adventus
1054 1353 1161 1412 Domi-

269 1457 315 1531 ni,
333 1472 418 1515 vers:
442 1461 471 1514 1.
487 1458 517 1514 8.
541 1457 571 1514 9.

134 1561 164 1617 4.
188 1560 243 1616 11.
297 1555 377 1633 quod
406 1558 487 1632 impii
516 1575 575 1615 non
605 1558 769 1632 recepturi,
803 1572 888 1615 vers:
920 1557 973 1612 10.
1002 1558 1056 1612 11.
1083 1553 1162 1629 quod

223 1658 228 1667 '
272 1656 355 1716 solus
375 1656 521 1715 Dominus
541 1659 639 1714 omnia
657 1656 784 1730 docebit,
804 1672 891 1714 vers:
915 1656 1042 1714 1213.

188 1759 242 1816 15.
296 1756 376 1835 quod
407 1759 458 1833 qui
484 1757 592 1815 falsum
623 1755 774 1816 doetrinae
805 1754 1005 1832 persuadent,
1038 1771 1162 1831 prorsus

270 1857 426 1934 rejiciendi
443 1857 674 1934 perjudicium,
694 1873 779 1916 vers:
804 1860 856 1916 14.
876 1857 930 1915 15.

188 1960 243 2015 11.
297 1957 378 2032 quod
404 1960 488 2033 prius
512 1973 548 2015 en
572 1958 738 2033 ignorantia
766 1959 797 2015 in
824 1973 884 2032 qua
910 1963 992 2029 sunt,
1023 1973 1082 2012 non
1104 1973 1161 2031 po·

274 2058 385 2114 tuerInt
402 2058 623 2129 meliorescere‚
642 2073 727 2115 vers:
750 2060 804 2116 16.
828 2060 881 2114 11.
905 2057 959 2114 18.

193 2157 247 2213 11.
302 2155 381 2232 quod
412 2173 509 2233 usque
538 2156 763 2230 instruendiet
792 2159 885 2216 vitam
915 2158 1068 2233 accepturi
1095 2159 1161 2230 sint,

272 2271 358 2315 vers:
384 2258 437 2315 19.

193 2350 247 2417 15.
302 2356 382 2433 quod
399 2356 598 2416 conservandi
616 2355 685 2414 durn
709 2360 825 2416 interea
849 2356 893 2415 illi
916 2359 968 2432 qui
985 2359 1016 2416 in
1033 2373 1162 2434 persua-

273 2459 356 2517 sione
375 2458 444 2516 salsi
461 2464 548 2534 sunt,
572 2474 629 2534 per
646 2457 782 2516 ultimum
797 2457 943 2534 judicium
962 2457 1161 2531 destruentur,

269 2575 355 2620 vers:
379 2562 433 2618 19.
451 2561 506 2618 20.
524 2562 579 2619 21.

136 2677 166 2732 2.
189 2678 244 2734 11.
296 2675 378 2753 Cap:
399 2677 539 2737 ‘XXVII
571 2677 659 2752 Quod
682 2680 713 2735 in
730 2677 860 2736 naturali
883 2678 1002 2737 homine
1020 2695 1078 2736 non
1097 2695 1162 2734 am·

270 2774 350 2851 plius
369 2794 472 2835 verum
492 2783 522 2836 et
538 2777 658 2850 bonurn,
677 2794 761 2835 vers:
787 2781 814 2835 1.
832 2779 1040 2855 enodesque
1058 2796 1163 2837 rerum

245 2887 247 2891 ·
273 2874 429 2934 Ecclesiae
449 2875 676 2935 custodiendum
696 2877 743 2950 sit,
763 2894 850 2937 vers:
872 2882 903 2936 2.
922 2881 951 2938 3.

108 2999 163 3056 11.
187 3001 241 3058 15.
297 2996 378 3074 quod
396 3018 483 3060 omne
500 3000 612 3060 malurn
632 3006 662 3059 et
676 3001 784 3060 falsum
800 3002 848 3061 die
862 3002 969 3078 judieii
982 3003 1162 3073 destruetur,

274 3117 360 3158 vers:
388 3104 419 3158 4.
439 3103 467 3160 5.
496 3103 575 3177 quod
597 3108 707 3178 postea
729 3119 808 3161 nova
831 3101 984 3177 Ecclesia,
1018 3119 1104 3161 vers:
1132 3105 1161 3176 6,

273 3198 355 3275 apud
371 3200 439 3258 illos
466 3200 548 3277 apud
565 3218 640 3277 quos
663 3219 738 3261 vera
760 3220 819 3261 non
841 3205 885 3260 ita
904 3201 1062 3278 deperdita
1084 3208 1162 3275 sunt,

267 3316 355 3359 vers:
380 3302 458 3359 18.

192 3420 246 3505 15.
303 3421 381 3495 quod
406 3428 542 3496 ternpore
572 3423 726 3494 periturus
758 3422 797 3480 sit
823 3424 917 3481 omnis
943 3437 1035 3478 verus
1065 3421 1163 3480 cultus

270 3537 338 3578 cunr
360 3523 439 3581 omni
457 3538 530 3581 vero
550 3527 580 3579 et
597 3521 689 3595 bono,
725 3521 805 3597 quod
828 3522 954 3617 perituri
975 3519 1024 3579 die
1047 3519 1163 3596 judicii,

265 3635 351 3675 vers:
373 3621 523 3693 8ad123

81 3812 85 3816 ὁ
189 3736 244 3792 11.
298 3734 378 3809 quod
406 3743 618 3810 posteanova
645 3738 784 3797 Ecclesia
811 3757 888 3816 quac
914 3736 1094 3797 consessura
1117 3744 1164 3795 cst

268 3833 445 3916 Dominum,
463 3851 549 3893 vers:
573 3839 627 3895 12.
646 3839 700 3896 13.

213 3955 244 4012 1.
299 3949 380 4028 Cap:
399 3951 546 4012 XXVIII.
574 3952 621 4012 De
639 3954 699 4013 illis
724 3961 774 4032 qui
796 3975 832 4016 cn
850 3957 973 4035 proprie
991 3955 1163 4032 Intelligen—

266 4054 309 4109 tia
339 4052 574 4112 falsificaverunt
599 4071 686 4129 vera,
721 4060 772 4132 qui
802 4065 872 4117 sunt
899 4056 974 4114 ebrii
998 4045 1163 4131 Ephraimi,

267 4151 347 4229 qrrod
364 4155 515 4231 irnrptura
535 4157 593 4213 sint
606 4153 691 4230 salsa,
712 4173 797 4214 vers:
825 4161 852 4214 1.
871 4162 901 4216 2.
