2528 4808
313 341 448 397 JEREMc
469 344 549 402 CAP.
571 344 670 410 XLIX,
693 356 707 406 1
732 345 799 411 -L‚
821 356 867 407 17.
1078 358 1113 411 tt

105 503 187 580 Gap:
206 501 328 561 XLIX:
357 501 394 562 de
411 501 472 562 illis
488 506 538 579 qui
554 503 714 564 falsificant
729 523 800 564 vera
814 505 907 564 Verbi
925 514 955 567 et
992 509 1022 567 3.

51 605 229 677 Ecclesiae,
261 605 400 680 quisunt
416 603 652 680 fililAmmouis,
688 606 767 681 quod
793 606 952 667 falsificent

50 724 135 780 uera,
155 721 244 765 vers:
270 708 300 779 1,

103 806 188 884 quod
206 805 399 864 destruentur
418 823 492 865 vera
509 812 539 864 et
556 806 635 865 bona
652 807 733 883 apud
753 807 835 881 illos,
865 826 950 869 vers:
989 811 1018 870 3.

54 913 84 970 2.
112 908 215 967 luctus
238 923 332 983 super
361 907 406 981 id,
433 924 518 966 vers:
551 910 580 966 3.
623 909 701 983 quod
729 898 946 986 dispergentur,

52 1026 138 1072 vers:
166 1012 198 1067 4.
224 1009 253 1067 5.

107 1110 189 1188 quod
220 1110 272 1185 qui
300 1126 359 1167 non
386 1108 637 1180 falsificaverunt,
669 1109 845 1186 acceptandi
876 1112 943 1187 sint,
983 1115 1036 1174 11.
1055 1119 1085 1177 3.

25 1261 26 1265 ,
56 1228 140 1272 vers:
168 1213 199 1270 6.
234 1210 282 1269 De
305 1208 363 1268 illis
392 1212 443 1286 qui
467 1217 623 1269 externum
646 1209 741 1269 Verbi
763 1210 945 1272 falsificave-

58 1318 138 1383 runt,
155 1314 202 1388 qui
219 1310 364 1386 Edomus,
384 1311 463 1387 quod
480 1314 605 1388 perituri
623 1311 833 1387 alalsiticatis,
860 1329 945 1372 verse

64 1419 95 1474 7.
116 1414 145 1473 8.
404 1416 408 1424 “

108 1513 186 1592 quod
216 1513 289 1572 nihil
318 1516 383 1572 veri
414 1513 562 1591 reliquum
593 1516 649 1586 sit,
679 1530 765 1574 vers:
801 1515 875 1574 9ad
893 1517 946 1576 13.
986 1519 1016 1578 3.

52 1617 177 1677 exitium
196 1631 299 1675 eorum
318 1614 418 1686 totale,
437 1632 523 1674 vers:
548 1617 590 1672 14
605 1614 643 1674 ad
661 1617 714 1675 18.

101 1717 141 1776 de
159 1716 266 1775 ultimo
284 1715 398 1793 judicio
425 1733 517 1792 super
538 1716 622 1791 illos,
655 1724 685 1776 et
712 1716 749 1776 de
774 1715 939 1795 dejectione
978 1722 1031 1780 15.

52 1837 157 1880 eorum
178 1820 210 1877 in
230 1817 389 1892 infernum,
408 1834 494 1876 vers:
518 1820 560 1876 19
577 1818 617 1876 ad
632 1821 688 1877 22.

100 1921 152 1979 De
170 1918 231 1977 illis
250 1920 302 1995 qui
319 1920 501 1994 cognitiones
520 1920 584 1977 veri
601 1926 789 1995 pervertunt,
810 1922 859 1996 qui
877 1920 942 1979 Da·
982 1925 1011 1982 3.

55 2036 192 2095 mascus3
217 2021 297 2096 quod
320 2037 375 2095 per
400 2020 431 2078 id
456 2019 608 2078 destructa
637 2022 676 2077 sit
703 2021 837 2080 doctrina
866 2025 942 2093 veri,

60 2138 147 2205 varst
167 2123 207 2181 23
221 2121 261 2179 ad
277 2124 331 2192 26,
360 2120 439 2196 quod
456 2121 589 2197 perituri,
612 2137 695 2179 vers:
716 2126 771 2180 27.

108 2222 153 2282 De
168 2221 229 2281 illis
242 2224 294 2298 qui
307 2223 489 2298 cognitiones
506 2222 576 2281 boni
589 2228 778 2299 pervertunt,
798 2224 849 2302 qul
863 2223 943 2282 ulra·
982 2229 1011 2287 3.

58 2323 118 2383 bia:
154 2323 237 2400 quod
265 2341 320 2400 per
343 2324 497 2382 ratiocinia
526 2323 728 2382 destruxerint
759 2326 941 2401 cognitiones

54 2424 121 2484 boni
138 2431 171 2485 et
187 2427 268 2498 veri,
287 2441 371 2484 vers:
392 2426 435 2482 28
454 2424 492 2483 ad
510 2426 565 2484 30.
678 2458 680 2463 ,

105 2527 233 2587 exitium
252 2543 363 2601 eorum,
382 2541 467 2583 vers:
489 2527 529 2584 31
550 2523 589 2582 ad
604 2526 659 2584 33.
985 2532 1014 2589 3,

102 2626 278 2687 falsificatio
297 2627 466 2699 doctrinae,
487 2642 564 2702 quae
578 2625 663 2683 Elam
670 2645 679 2701 3
703 2626 784 2702 quod
801 2626 877 2686 salsa
890 2627 945 2687 do·
984 2632 1014 2691 3.

57 2731 170 2791 ctrinae
190 2745 295 2788 eorum
313 2728 535 2804 dispergentur,
560 2743 646 2786 vers:
669 2729 712 2788 34
727 2728 766 2787 ad
782 2729 836 2789 36.

106 2829 188 2908 quod
206 2831 340 2906 perituri,
358 2845 444 2888 vers:
468 2830 523 2887 37.
542 2829 598 2888 38.
971 2836 1002 2895 3,
1025 2838 1079 2896 11,

90 2937 228 3009 praeter
244 2929 312 2989 illos
331 2933 381 3008 qui
399 2947 458 2988 non
474 2929 717 3000 falsificaverunt,
735 2947 820 2991 vers:
842 2932 897 2992 39.

106 3032 186 3109 Cap:
206 3033 239 3091 L.
268 3032 314 3091 De
334 3032 391 3090 illis
417 3033 467 3108 qui
491 3030 735 3090 adulteraverunt
752 3041 782 3092 et
799 3033 942 3095 falsificat·
981 3038 1011 3096 3.

60 3139 163 3193 verunt
179 3132 259 3191 bona
277 3140 307 3191 et
327 3151 400 3190 vera
415 3130 585 3206 Ecclesiae,
617 3135 667 3209 qui
683 3133 779 3192 Babel
799 3140 828 3194 et
848 3134 940 3194 Chal-

61 3234 140 3294 daea.
169 3233 258 3310 Quod
274 3233 333 3292 illis
351 3251 409 3291 nou
427 3233 554 3309 amplius
573 3232 693 3310 aliquod
708 3235 818 3293 bonum
833 3244 862 3295 et
874 3255 929 3296 ve·
967 3239 997 3297 3.
1021 3241 1075 3296 ll.

62 3353 130 3411 rum,
150 3353 237 3394 vers:
260 3339 274 3393 1
294 3333 332 3392 ad
348 3336 377 3393 3.
412 3335 491 3410 quod
508 3342 577 3393 tunc
594 3334 638 3392 illi
656 3336 708 3411 qui
725 3338 756 3394 in
773 3338 941 3412 ignorantia

61 3434 124 3495 boni
141 3439 254 3496 otveri
280 3452 317 3494 ex
341 3434 459 3495 delectu
486 3453 600 3507 eorum,
633 3434 799 3493 adducendi
821 3437 880 3493 sint
903 3435 941 3494 ad

63 3534 224 3612 Dominum,
244 3553 330 3596 vers:
351 3539 370 3594 4
385 3535 423 3594 ad
440 3541 470 3593 7.

105 3639 185 3715 quod
203 3638 359 3697 discedent
383 3654 401 3694 a
423 3635 534 3710 Babel,
560 3650 645 3697 vers:
672 3636 702 3693 8.
737 3634 817 3710 quod
839 3635 936 3696 Babel
975 3639 1028 3697 11.
1047 3641 1077 3701 3.

62 3742 187 3813 peritura
205 3743 258 3814 sit,
282 3755 365 3797 vers:
387 3740 417 3796 3.
439 3739 493 3796 10.
531 3738 601 3813 quia
618 3742 814 3796 vastaverunt
830 3737 940 3799 Eccle-

62 3841 138 3912 siam,
159 3859 245 3901 vers:
268 3841 323 3897 11.
382 3865 398 3897 ο

106 3943 184 4019 quod
197 3945 236 4000 sit
249 3941 363 4016 absque
378 3908 549 4013 omrffvero,
563 3956 650 3998 vers:
669 3942 723 3998 12.
742 3941 796 4000 13.
816 3943 937 4002 exitium
975 3944 1005 4002 3.
1026 3946 1079 4005 15.

63 4057 157 4103 eorum
175 4052 309 4119 tempore
324 4042 442 4117 judicii,
461 4056 547 4099 vers:
571 4043 613 4099 14
631 4041 669 4100 ad
687 4041 742 4100 16.
876 4100 880 4109 ,

107 4148 176 4222 quia
195 4144 341 4204 destruxit
359 4141 533 4216 Ecclesiam,
552 4158 635 4202 vers:
663 4145 718 4203 17.
972 4144 1026 4203 15.
1045 4146 1076 4203 3.

107 4245 185 4321 quod
202 4250 361 4323 postquam
379 4241 531 4317 destructa
556 4250 601 4303 est
617 4243 726 4314 Babel,
751 4241 933 4302 instaurabi-
973 4244 1026 4300 11.
1045 4245 1075 4303 3.
