2528 4808
380 334 511 388 ltosctt:
536 336 614 393 CAP.
637 336 686 399 xl,
712 346 724 396 1
750 336 858 402 -ΧΝ,
882 345 908 397 l·
1132 349 1165 399 ai

160 492 240 569 Cap:
260 493 317 552 XI.
343 493 422 569 quod
439 492 535 551 Israel
549 493 695 553 Dominus
713 496 743 551 in
758 495 929 572 Aegyptum
943 495 997 552 do·
1038 499 1065 554 l.

109 594 218 652 ductus
243 594 297 667 sit,
331 595 371 650 sit
394 593 474 669 quod
497 595 528 650 in
552 596 656 669 primis
681 593 837 654 Ecclesiae
863 597 1001 654 instructi

86 695 182 767 sint,
202 710 289 752 vers:
316 697 343 751 1.
372 693 423 752 ubi
440 697 470 752 in
492 695 621 753 naturali
642 694 805 770 cupiditate
826 701 855 754 et
875 697 1002 755 scientia

107 800 207 868 erant,
227 810 313 852 vers:
335 798 366 851 ’1.

159 894 241 971 quod
257 897 393 954 instructi
416 897 475 953 sint
498 898 528 954 in
551 895 768 972 cognitionibus
794 906 824 957 ct
847 899 990 970 scientiis,
1032 901 1088 956 11.

107 1011 194 1053 vers:
226 997 256 1054 3.
273 999 304 1053 4.

158 1113 251 1172 quum
270 1098 441 1172 spirituales
467 1098 538 1156 sacti
556 1104 640 1172 sunt,
673 1099 753 1175 quod
780 1115 838 1155 non
861 1098 991 1174 amplius
1032 1102 1085 1157 11.

107 1197 263 1255 naturales
282 1203 383 1271 erunt,
411 1202 480 1273 quia
495 1199 537 1256 sic
552 1216 624 1256 vera
643 1204 673 1258 et
690 1199 876 1257 intellectum
896 1216 999 1258 eorum

106 1297 248 1373 perdent,
267 1314 353 1357 vers:
377 1299 393 1356 5
410 1298 448 1356 ad
464 1301 494 1358 8.

160 1397 217 1456 scd
241 1398 320 1474 quod
344 1415 382 1456 ex
407 1417 442 1458 eo
468 1401 547 1476 quod
571 1395 733 1458 suerint‘in
758 1401 905 1472 scientiis,
936 1399 995 1460 illis
1035 1405 1089 1460 11.

112 1501 169 1557 erit
186 1499 383 1574 intelligentia
401 1517 419 1556 a
436 1500 564 1559 Domino
569 1544 577 1574 ,
598 1517 682 1558 vers:
705 1504 722 1560 9
740 1501 778 1559 ad
797 1504 851 1560 11.

159 1598 238 1674 Cap:
258 1599 328 1658 XII.
358 1598 446 1674 Quod
460 1601 630 1661 intellectus
645 1601 739 1661 Verbi
753 1600 928 1661 falsificatus
944 1604 992 1675 sit,
1033 1594 1062 1659 2.

106 1700 230 1758 tametsi
247 1699 382 1758 Verbum
401 1707 447 1759 est
463 1701 592 1776 Domini,
615 1718 698 1762 vers:
724 1707 751 1761 1.

162 1800 242 1875 quod
264 1800 343 1857 falsa
365 1807 501 1860 crescent
526 1819 582 1878 per
607 1805 763 1862 ratiocinia
789 1820 825 1860 ex
847 1803 993 1862 naturalis
1031 1807 1061 1860 2.
1098 1821 1103 1832 ·

104 1901 233 1958 hominis
251 1901 408 1977 jucundis,
428 1918 515 1961 vers:
537 1905 567 1960 2.
594 1963 597 1968 ,

157 2001 238 2075 quod
260 2000 406 2059 Dominus
429 2001 561 2060 luctatus
588 2005 627 2060 sit
645 2020 711 2061 curn
730 2003 839 2062 Jacobi
861 2004 992 2079 posteris
1030 2007 1061 2060 2.

105 2118 143 2159 ex
160 2101 286 2160 infantia
306 2101 440 2172 illorum,
459 2119 542 2163 vers:
565 2105 583 2160 3
600 2103 638 2161 ad
657 2105 686 2160 6.

157 2201 325 2261 exhortatio
343 2209 377 2260 ut
395 2208 571 2262 convertant
584 2219 626 2277 se,
647 2209 678 2261 et
689 2220 748 2262 non
762 2205 919 2264 falsificent
932 2221 987 2263 ve·
1029 2208 1059 2262 2.

103 2321 146 2378 ra,
162 2319 250 2361 vers:
275 2307 303 2360 7.
327 2304 355 2360 8.
1105 2291 1108 2297 ’

156 2403 237 2479 quod
257 2402 395 2462 Ecclesia
412 2404 540 2479 gloriata
558 2407 610 2476 sit,
636 2407 707 2481 quia
723 2407 755 2462 in
773 2405 827 2463 illa
845 2412 891 2464 est
908 2405 988 2464 Ver·
1027 2407 1056 2462 2.

102 2504 184 2577 bum,
205 2509 235 2560 et
254 2521 292 2561 ex
307 2503 389 2562 cultu
401 2506 674 2580 repraesentativo,
696 2512 726 2563 et
740 2505 819 2581 quod
833 2523 852 2562 a
864 2506 993 2563 Domino

103 2620 227 2679 semper
245 2603 386 2662 custoditi
398 2605 470 2679 sint,
496 2605 550 2664 sed
566 2605 646 2681 quod
658 2622 754 2683 usque
772 2605 996 2665 falsificaverint
1027 2639 1030 2645 .

104 2709 136 2762 et
154 2704 391 2763 adulteraverint
402 2704 464 2775 illa,
482 2721 567 2765 vers:
590 2708 607 2763 9
625 2705 664 2764 ad
683 2708 736 2765 15.

156 2804 239 2880 Cap:
258 2799 346 2863 XIII.
374 2803 462 2880 Quod
476 2823 514 2865 ex
527 2808 650 2882 propria
661 2807 860 2882 intelligentia
874 2824 991 2867 ornnem
1027 2810 1058 2864 2.

105 2904 218 2963 cultum
237 2903 380 2963 Divinum
397 2909 610 2982 perverterint,
637 2914 667 2966 et
685 2908 765 2984 quod
782 2908 851 2968 inde
869 2909 995 2984 perituri

103 3008 178 3076 sint,
198 3021 283 3063 vers:
306 3008 384 3064 na.
403 3008 432 3066 3.
522 2997 525 3005 '
1085 2989 1086 2993 ‘

154 3123 223 3164 cum
240 3112 342 3180 tamon
359 3106 440 3165 solus
459 3107 607 3166 Dominus
622 3114 669 3165 est
681 3106 776 3179 Deus,
795 3125 881 3167 vers:
903 3111 933 3167 4.
1026 3111 1080 3167 16.
1167 3140 1168 3143 ¹

156 3206 236 3281 quod
256 3223 374 3265 cumen
391 3207 493 3265 Verbo
513 3208 731 3283 cognitionibus
750 3209 985 3282 ditationatus
1022 3211 1053 3266 2.

106 3307 282 3382 gloriatione
301 3308 349 3364 sui
367 3307 554 3367 deseruerint
567 3309 736 3382 Dominum,
758 3325 842 3367 vers:
866 3311 894 3367 5.
918 3311 946 3382 6,

154 3406 234 3483 quod
247 3406 315 3464 inde
333 3408 470 3466 interitus
484 3408 611 3482 illorum,
632 3425 718 3466 vers:
742 3414 771 3466 7.
790 3410 820 3465 8.
841 3410 870 3464 9.
1019 3405 1082 3486 [3.]

71 3574 78 3582 .
154 3509 225 3583 quia
237 3523 297 3565 non
312 3506 439 3582 amplius
450 3525 555 3568 verum
567 3508 732 3580 Ecclesiae,
751 3523 836 3565 vers:
860 3508 914 3564 10.
934 3508 984 3579 11,
1026 3507 1056 3565 3.

154 3608 234 3684 qnod
250 3607 308 3665 hoc
326 3609 450 3667 interius
468 3608 621 3684 perditum
638 3609 688 3681 sit,
708 3623 793 3666 vers:
817 3610 872 3664 12.
892 3608 946 3665 13.
1019 3605 1082 3684 [3.]

153 3708 234 3785 quod
247 3707 436 3767 custodiendi
449 3711 508 3767 sint
518 3709 555 3767 ab
565 3710 697 3782 interitu,
712 3724 809 3784 usquc
822 3707 892 3766 dum
904 3725 990 3766 omne
1029 3711 1059 3766 2.

103 3826 207 3868 verum
225 3806 382 3867 Ecclesiae
400 3807 589 3885 deperditum
608 3815 668 3882 cst,
687 3824 771 3868 vers:
796 3811 849 3867 14.
871 3809 925 3867 15.
955 3822 957 3826 ·

154 3909 233 3985 Gap:
252 3908 337 3967 XIV.
366 3909 446 3984 quod
458 3911 585 3986 perituri
599 3912 649 3986 qui
665 3909 756 3968 aliurn
766 3908 865 3968 Deum
879 3908 985 3969 colue·
1025 3913 1056 3969 4.
1079 3915 1134 3970 11.

104 4016 186 4081 runt,
208 4025 292 4068 vers:
316 4012 344 4067 1.
381 4009 557 4070 Exhortatio
584 4016 618 4068 nt
636 4017 812 4070 convertant
830 4025 877 4084 se,
907 4026 990 4070 vers:

108 4112 137 4170 3.
165 4114 196 4169 4.

155 4215 296 4286 quianon
314 4209 434 4271 aliunde
453 4209 596 4284 salvatio,
616 4226 702 4268 vers:
726 4213 758 4267 4.
1029 4213 1083 4266 17.
