2528 4808
303 336 438 390 PSALII:
460 336 610 402 LXXVIII,
633 347 649 398 8
674 338 822 404 -LXXX‚
844 350 890 400 10.
1069 353 1123 404 103

114 498 169 558 sed
187 497 266 574 qnod
286 503 388 573 patros
406 496 525 555 illorum
548 503 577 556 ct
602 498 654 556 lilii
677 503 866 576 recesserint,
894 519 950 560 non
989 507 1019 561 2.

63 602 191 658 vixerint
209 597 372 658 secundum
390 598 474 667 illud,
492 615 578 657 vers:
602 601 620 657 8
637 600 675 657 ad
692 602 746 658 10.

115 707 144 759 31
169 699 248 775 quod
274 716 328 756 noc
351 698 496 757 miracula
520 701 548 756 in
573 699 692 758 deserto
718 701 789 776 quid
813 701 947 778 iecerint,
986 709 1017 764 2.

64 817 140 876 quae
160 803 259 857 omnia
276 800 468 857 involvebant
488 800 635 875 quomodo
654 782 801 859 Dominus
821 803 908 863 docet
926 809 957 864 et

63 901 145 960 ducit
163 901 229 975 illos
249 917 323 976 quos
343 899 381 956 ad
400 900 568 957 Ecclesiam
587 917 672 958 snam
691 909 787 972 vocat,
808 921 885 979 quac
904 921 955 963 re·

62 1007 230 1076 censentur,
250 1017 333 1059 vers:
360 1003 397 1057 11
419 1000 458 1057 ad
476 1002 531 1058 31.

116 1103 343 1178 quodpropter
367 1101 512 1158 miracula
537 1117 569 1158 sc
594 1101 713 1176 quidem
739 1104 947 1178 converterint,
988 1110 1018 1164 2.

61 1203 117 1262 scd
135 1204 233 1262 solum
252 1221 302 1260 oro
319 1208 348 1262 et
365 1218 424 1259 non
443 1201 548 1270 corde,
567 1219 652 1259 vers:
675 1203 718 1261 32
733 1202 772 1260 ad
788 1204 842 1277 37,

113 1304 194 1380 quod
204 1304 350 1361 Dominus
365 1302 578 1360 condonaverit
591 1301 658 1375 illis,
676 1320 755 1362 vers:
778 1304 822 1361 38
837 1303 876 1361 ad
891 1307 946 1362 40.
986 1310 1016 1364 2.

112 1405 192 1480 quod
211 1404 317 1462 iterum
332 1402 410 1462 sicut
425 1405 561 1461 conversi
578 1419 615 1461 cx
633 1403 839 1463 recordatione
857 1407 948 1463 mira·
986 1411 1016 1464 2.

63 1506 197 1564 culorum
215 1509 244 1583 in
267 1507 421 1581 Aegypto,
454 1520 531 1578 quac
552 1506 650 1561 omnia
674 1504 831 1565 involvunt
853 1522 952 1564 remo-

60 1607 168 1664 tionem
197 1613 226 1663 et
251 1606 475 1681 dissipationem
503 1590 684 1662 infernorum
708 1605 842 1680 abillis,
876 1623 953 1682 quae

60 1714 263 1791 recensentur,
285 1723 369 1764 versi
391 1707 431 1761 41
453 1704 490 1761 ad
512 1706 564 1762 51.

110 1807 191 1883 qnod
208 1807 355 1865 Dominus
377 1806 418 1861 ita
443 1804 560 1863 duxerit
577 1805 647 1864 illos
663 1821 761 1881 nsque
780 1806 818 1865 ad
836 1813 963 1866 terram·
984 1814 1014 1868 2.

59 1907 109 1965 nbi
127 1908 273 1982 Ecclesia,
295 1924 377 1967 vers:
401 1905 566 1964 523355,
924 1893 930 1901 ’
982 1963 984 1968 ,

109 2009 188 2084 quod
206 2025 302 2083 usquo
321 2007 501 2066 recesserint
527 2013 556 2064 et
573 2005 719 2063 coluerint
737 2006 827 2064 alium
847 2008 944 2084 deum,
984 2014 1013 2068 2.
1051 2003 1060 2015 ’

57 2111 206 2167 versz=56
224 2109 261 2164 ad
283 2112 335 2166 58.
610 2174 615 2183 ‚

107 2209 188 2286 quod
206 2209 272 2266 ideo
291 2210 386 2268 relicti
411 2210 470 2264 sint
488 2225 506 2264 a
523 2208 667 2277 Domino,
698 2224 733 2265 ac
758 2209 858 2266 traditi
884 2212 947 2268 suis
985 2215 1015 2270 2.
1035 2215 1065 2272 3.

57 2311 138 2370 salsis
159 2316 189 2368 ct
207 2309 307 2378 malls,
330 2310 387 2368 hoc
406 2325 424 2364 a
442 2311 638 2384 semetipsis,
663 2326 747 2367 vers:
778 2311 820 2368 59
837 2310 876 2367 ad
893 2313 946 2368 64.

58 2412 135 2488 qnod
150 2412 192 2468 sic
211 2410 323 2484 rejecti,
349 2411 433 2468 vers:
456 2410 498 2466 65
518 2409 556 2466 ad
573 2411 626 2466 67.

106 2511 186 2588 quod
211 2527 289 2567 nova
312 2510 449 2569 Ecclesia
465 2509 533 2567 ideo
551 2511 701 2580 instituta,
732 2526 808 2584 quac
827 2509 941 2568 coleret
979 2515 1034 2569 11.

32 2613 230 2685 Dominum,
264 2618 293 2668 et
320 2628 409 2686 quarn
437 2608 583 2668 Dominus
613 2609 751 2684 duceret,
785 2626 869 2669 vers:
898 2612 940 2668 68
982 2602 1036 2670 11.

56 2713 92 2772 ad
114 2717 168 2771 72.

103 2815 160 2873 Ps:
189 2809 334 2872 LXXIX,
372 2809 452 2888 quod
470 2810 692 2869 falsificationcs
716 2811 811 2871 Verbi
830 2817 859 2870 ct
877 2811 942 2870 dira
979 2814 1008 2871 3.
1060 2827 1062 2830 ’

55 2914 132 2972 mala
150 2913 352 2972 destruxerint
370 2911 553 2980 Ecclesiam,
573 2928 657 2969 vers:
682 2915 695 2969 1
716 2911 754 2970 ad
771 2915 802 2972 4.

104 3015 216 3074 clamor
232 3012 385 3072 Ecclesiae
404 3028 458 3087 pro
473 3012 584 3070 auxilio
602 3029 639 3070 ne
659 3012 747 3070 simul
761 3013 942 3086 destruatur,
983 3018 1036 3073 11.
1054 3016 1084 3074 3.

57 3121 84 3172 31
100 3115 237 3191 precatio
255 3121 289 3171 31
304 3118 515 3173 removeantur
532 3111 575 3170 illi
593 3114 643 3188 qni
652 3099 819 3171 Ecclesiam
836 3115 939 3190 pardi-
982 3115 1035 3175 15.

54 3214 168 3287 derunt,
189 3231 274 3272 vers:
298 3217 314 3272 5
331 3214 369 3271 ad
388 3216 443 3281 12,
1066 3196 1068 3199 ¹

100 3318 144 3372 113
163 3316 219 3372 erit
238 3315 335 3372 cultus
354 3314 482 3385 DomIni,
503 3329 588 3371 vers:
613 3315 665 3372 13.
980 3318 1033 3373 11.
1054 3317 1109 3374 16.

100 3415 158 3474 Ps:
176 3413 306 3473 LXXX.
334 3414 471 3474 Precatio
489 3412 648 3470 Ecclesiae
664 3429 761 3471 novae
775 3412 813 3469 ad
830 3413 936 3471 Domi·
978 3416 1032 3472 11.
1053 3416 1107 3472 16.

52 3533 122 3574 num
138 3521 172 3572 31
190 3516 291 3572 veniat
310 3522 340 3573 et
359 3515 457 3586 ducat,
477 3528 562 3569 vers:
587 3515 600 3569 1
620 3511 660 3569 ad
674 3506 705 3569 4.
728 3513 758 3569 8.

100 3618 172 3692 quia
193 3612 252 3671 illis
266 3615 411 3682 afflictio,
424 3627 510 3670 vers:
535 3613 551 3669 5
570 3611 608 3668 ad
625 3617 654 3668 7.
676 3611 756 3687 quod
772 3613 953 3677 instituerit⁴
974 3617 1005 3672 2.
1062 3607 1065 3613 ’

51 3715 216 3776 Ecclesiam
236 3721 265 3773 et
291 3714 369 3790 quod
391 3712 474 3770 illam
498 3728 553 3786 per
577 3728 651 3769 vera
669 3729 707 3770 cx
724 3710 827 3772 Verbo
846 3714 943 3772 reior-

51 3818 190 3888 mavcrit,
210 3830 297 3873 vers:
321 3817 337 3872 9
354 3815 395 3872 nd
413 3816 467 3870 12.
729 3801 733 3809 ’

98 3922 243 3975 ettamen
258 3914 337 3991 quod
350 3913 426 3972 falsa
438 3914 582 3988 incipiant
595 3914 678 3972 illam
692 3913 829 3989 perdere,
849 3931 934 3975 vers:
975 3920 1005 3976 2,

54 4016 106 4075 13.
131 4019 185 4073 14.

98 4122 131 4173 31
150 4117 252 4174 veniat
268 4115 414 4172 Dominus
429 4117 458 4170 et
476 4115 615 4172 restituat
632 4113 724 4191 illam,
745 4122 775 4174 et
794 4115 874 4191 quod
891 4117 935 4175 sic
975 4115 1030 4174 11.

51 4214 262 4283 vivificantur,
288 4201 373 4272 vers':
407 4212 574 4270 133333.
