2528 4808
299 371 304 381 ,
379 317 513 372 DANIEL
534 317 612 372 CAP.
633 317 670 384 X,
693 327 708 376 7
732 317 817 381 -le
840 326 885 377 39.
1131 325 1165 376 73

160 482 195 534 ut
215 475 367 535 revelaret
383 475 436 534 illa
454 493 532 552 quae
550 475 651 534 lutura
664 480 735 533 sunt
752 478 874 532 innova
888 473 997 533 Ecclc-
1035 477 1089 532 11.

110 579 155 636 sia
173 577 211 635 de
230 575 290 634 illis
309 577 361 653 qni
378 577 416 633 in·
426 575 493 635 sola
508 575 581 649 fide,
615 582 646 634 et
665 575 702 633 de
719 574 779 633 illis
799 577 849 650 qui
866 577 897 633 in
914 576 994 633 veris
1033 577 1087 633 11.

109 695 146 737 ex
162 677 257 750 hono,
277 677 329 752 qui
347 682 418 735 sunt
433 676 564 735 Michael
580 676 631 746 ibi,
648 692 733 734 vers:
758 680 773 733 7
793 675 831 733 ad
847 679 902 734 21.

159 777 242 855 Cap:
266 777 322 836 XI.
356 793 411 853 per
430 793 533 853 regem
545 775 681 835 meridiei
693 775 735 834 ibi
747 775 921 851 intengitur
933 775 993 833 Ec-
1034 778 1087 833 11.

109 878 203 938 etesia
222 895 300 953 quae
318 880 348 936 in
366 879 446 936 veris
464 877 533 936 iidei
552 894 590 935 ex
605 876 684 936 bono
699 876 867 950 charitatis,
893 881 923 935 et
939 893 995 952 per
1031 879 1062 933 2.

108 995 211 1055 regem
236 979 448 1055 septentrionis
474 975 650 1054 intelligitur
672 977 846 1051 religiosum
869 976 948 1052 quod
969 978 999 1033 in

108 1079 165 1138 lide
179 1084 324 1154 separata
341 1096 360 1137 a
377 1078 538 1138 charitate:
567 1077 713 1157 quomodo
729 1079 908 1136 mutationes
926 1093 997 1135 suc·

109 1181 271 1253 cesserint,
304 1197 362 1237 non
387 1181 529 1255 apparuit
552 1181 582 1235 in
605 1176 731 1250 mundo,-
764 1177 871 1236 sedin
897 1176 996 1250 coelo;

109 1279 190 1355 qnod
214 1279 385 1338 destruetur
410 1278 549 1338 Ecclesia
572 1278 653 1354 apud
678 1284 797 1354 gentem
821 1277 993 1350 Judaicam,
1033 1280 1062 1336 3.

108 1396 194 1438 vers:
223 1379 298 1437 lad
310 1381 341 1453 4,

159 1479 240 1555 quod
256 1485 327 1538 tunc
345 1496 425 1537 nova
441 1478 579 1537 Ecclesia
600 1477 832 1548 instaurabitur,
862 1495 941 1554 quae
963 1480 993 1536 in
1032 1480 1088 1537 ll.

109 1579 167 1638 fide
186 1597 224 1638 ex
242 1579 395 1652 charitate,
415 1594 501 1638 vers:
525 1579 553 1637 5.
1025 1596 1028 1601 ·

157 1679 240 1755 quod
257 1680 387 1738 charitas
407 1680 604 1754 conjungetur
626 1678 712 1753 fidei,
737 1678 792 1737 sed
809 1679 883 1737 fides
901 1696 992 1754 prae·
1035 1682 1087 1738 ll.
1108 1683 1138 1737 3.

108 1779 237 1855 valebit,
266 1797 353 1839 vers:
376 1781 405 1838 6.
443 1786 473 1836 at
492 1797 588 1855 usque
608 1779 690 1856 apud
707 1778 852 1855 quosdam
869 1797 1000 1855 praeva-
1055 1828 1058 1833 .

99 1881 180 1942 ,lehit
199 1879 340 1952 charitas,
357 1880 426 1938 inde
444 1881 573 1955 primum
590 1880 754 1953 Ecclesiae,
775 1896 858 1938 vers:
883 1885 898 1936 7
918 1879 955 1936 ad
972 1882 1000 1937 ii,

158 1981 239 2057 quod
251 1983 413 2056 posteritas
432 1981 548 2039 illorum
567 1998 622 2056 pro
640 1980 698 2038 tide
716 1965 887 2055 duguatura
902 1981 949 2048 sit,
968 1987 998 2038 ot
1035 1983 1064 2039 3.

108 2083 228 2151 victuri,
246 2097 330 2142 vers:
354 2081 515 2139 10ad12.

157 2181 238 2257 quod
259 2180 334 2240 fides
357 2181 522 2240 invalescet
548 2187 652 2240 contra
677 2179 854 2239 charitatem
873 2184 902 2237 et
925 2180 994 2239 inde
1033 2183 1064 2240 3.

105 2282 209 2357 tidem,
230 2288 260 2339 et
277 2281 355 2340 hanc
374 2281 521 2356 devincet,
542 2297 629 2339 vers:
652 2283 694 2340 13
712 2280 750 2338 ad
765 2283 819 2338 16.

156 2388 319 2459 sequutum
343 2382 450 2458 dogma
481 2381 561 2457 quod
588 2382 718 2440 charitas
746 2389 828 2441 esset
855 2399 892 2440 ex
921 2380 994 2455 fide,
1033 2379 1095 2457 [3.]
1187 2384 1189 2388 ’

103 2500 191 2542 vers:
216 2486 270 2541 17.

155 2585 241 2641 varia
266 2582 346 2640 dicta
371 2581 407 2641 de
433 2599 470 2640 ea
499 2600 532 2641 re
558 2600 594 2642 ex
618 2580 720 2641 Verbo
745 2581 874 2656 htigata,
909 2597 994 2639 vers:
1033 2583 1137 2639 211.

109 2685 152 2742 18
169 2683 208 2741 ad
228 2685 285 2742 20.
312 2681 391 2759 quod
409 2682 585 2743 simularent
602 2665 710 2758 dogma
729 2682 898 2755 charitatis,
919 2681 997 2740 unde

105 2785 193 2860 quasi
212 2785 404 2856 consociatio,
424 2799 495 2842 vers
504 2797 517 2841 ε’
534 2786 575 2842 21
594 2782 633 2840 ad
649 2785 704 2841 23.

155 2883 236 2961 quod
254 2882 492 2942 confirmationes
512 2901 550 2942 ex
560 2883 662 2942 Verbo
675 2900 731 2959 pro
746 2882 897 2941 charitate
913 2884 991 2941 sini·
1031 2885 1062 2940 2.

104 2990 166 3042 stre
186 2983 372 3060 epocatae,
394 2990 424 3041 et
443 2983 523 3059 quod
542 2982 631 3042 fidem
652 3001 690 3042 ex
709 2983 853 3042 charitate
875 2983 995 3041 destru-

102 3086 210 3158 xerint,
230 3100 310 3143 vers:
333 3087 376 3142 24
394 3083 432 3141 ad
444 3084 500 3142 26.

155 3183 261 3242 dolosa
278 3184 456 3262 conjunctio,
471 3200 557 3244 vers:
580 3186 635 3242 27.
652 3186 707 3242 28.
1026 3186 1057 3240 2.

156 3284 237 3360 quod
249 3283 324 3342 fides
340 3284 581 3361 conjunctionem
596 3283 732 3343 dolosam
748 3283 880 3360 fregerit,
895 3287 994 3359 ipsum
1027 3281 1087 3359 [2.]

104 3384 239 3443 Verbum
258 3384 482 3459 adulteraverit,
506 3391 536 3443 et
554 3387 598 3443 sic
616 3383 783 3442 Ecclesiam
803 3383 995 3453 destruxerit,

103 3501 189 3544 vers:
212 3487 256 3542 29
274 3484 312 3542 ad
331 3487 386 3543 31.

155 3585 236 3660 quod
250 3584 467 3643 contradictum
483 3583 621 3657 amultis,
638 3579 693 3640 sed
706 3596 801 3655 usque
816 3583 895 3655 victi,
912 3596 993 3640 vers:
1031 3584 1061 3639 2.

106 3688 149 3744 32
168 3685 207 3743 ad
222 3686 278 3744 35.

154 3785 234 3862 quod
252 3784 372 3843 tandem
397 3784 463 3842 sola
486 3783 562 3842 fides
585 3782 760 3852 obtinuerit,
785 3781 890 3858 religio
915 3799 992 3858 quae
1030 3781 1094 3859 [2.]

103 3903 221 3944 omnem
246 3886 382 3944 timorem
406 3884 465 3943 Dei
484 3891 515 3943 et
532 3900 650 3967 omnem
670 3882 839 3942 Ecclesiam
862 3882 996 3957 destruit,

102 4002 189 4044 vers:
212 3988 268 4044 36.
287 3987 343 4045 st.

154 4086 233 4162 quod
251 4086 330 4146 colet
354 4084 444 4142 alium
469 4084 568 4161 Deum
592 4100 682 4158 quam
699 4083 873 4151 Dominum,
905 4098 989 4139 vers:
1029 4087 1059 4140 2.

106 4188 160 4247 38.
182 4188 236 4246 39.
