2528 4808
96 238 129 297 ῃ
368 226 466 288 meo.
488 226 567 286 cer.
589 224 801 290 exui-exv,
823 230 871 286 re.

258 387 406 447 Dominus
430 381 530 462 quoad
555 384 698 445 Divinum
716 379 832 441 Verum
856 396 915 441 sou
934 380 1101 457 Verbum,
1127 400 1156 441 er

262 502 322 564 quo
335 486 447 545 Divina
463 486 598 561 potentia
613 483 693 560 Ipsi,
712 498 797 541 vers:
820 485 850 540 1.

201 590 232 649 3.
285 584 365 664 quod
382 584 516 645 Verbum
540 600 664 662 prorsus
684 581 885 642 adulteratum
910 587 942 640 et
967 579 1155 659 deperditum

262 688 310 751 sit.
329 702 414 750 vera:
435 689 469 756 2,

129 794 157 849 1.
178 792 231 849 17.
283 786 363 864 quod
380 803 439 846 non
456 785 564 862 aliquis
588 787 618 843 iu
644 785 739 855 veris,
768 789 798 842 et
816 780 897 860 quod
918 779 993 841 ideo
1012 782 1154 843 Domiurrs

263 888 346 947 aolus
364 888 544 964 pugnaverit
562 892 592 945 et
608 886 729 959 vicerit,
748 890 783 942 ul
800 882 928 942 salvatio
947 885 992 942 sit
1009 883 1152 957 fidelibus,

261 1004 347 1047 varst
370 988 400 1047 3.
421 989 452 1045 4.
476 986 504 1045 5.
525 988 555 1044 o.

181 1092 233 1149 17.
288 1088 369 1164 quod
387 1106 425 1148 ex
443 1085 649 1146 misericordia
666 1083 696 1144 icl
713 1085 825 1144 lactum
843 1085 882 1142 sit
888 1127 896 1156 ,
915 1083 1016 1143 atilli
1036 1087 1088 1161 qui
1104 1101 1151 1142 ro·

264 1186 330 1249 lunt
347 1190 483 1264 recipere
501 1204 615 1259 verum,
634 1184 761 1261 abipso
780 1183 944 1254 salventur,
962 1201 1054 1243 vers:
1079 1189 1107 1243 1.
1126 1186 1151 1242 8.

263 1294 353 1345 ulex
370 1286 480 1345 Divino
499 1303 599 1344 amore
618 1285 741 1344 duceret
757 1284 938 1354 illos,·vers:
963 1286 992 1342 9.

181 1391 222 1449 17
228 1434 234 1446 .
289 1385 369 1462 quod
385 1384 443 1459 illl,
463 1387 514 1460 qul
530 1387 615 1460 prius
634 1385 672 1443 ab
689 1384 826 1445 Ecclesia
842 1383 960 1460 Ipsius,
994 1392 1151 1447 couverte-

263 1488 322 1544 riut
338 1502 382 1561 se,
401 1500 486 1543 vers:
509 1486 564 1559 10,
1097 1506 1100 1513 ·

181 1589 236 1645 17.
289 1585 369 1661 quod
385 1591 485 1644 lamen
502 1587 585 1661 prius
604 1603 693 1663 quam
710 1584 763 1644 illa
779 1582 918 1643 Ecclesia
935 1583 1008 1658 suit,
1039 1583 1153 1645 eluxerit

261 1684 412 1757 homiues,
448 1693 479 1744 et
502 1691 616 1744 tutatus
643 1688 673 1745 iu
702 1684 799 1744 medio
823 1683 944 1758 inserui,
983 1701 1077 1744 vers:
1109 1686 1146 1743 11

205 1802 211 1812 ·
264 1783 303 1843 ad
324 1787 379 1843 14.

105 1889 158 1944 17.
180 1886 235 1944 16.
288 1888 382 1944 oratio
397 1885 436 1944 ad
452 1885 612 1945 Dominum
631 1893 664 1944 ut
681 1887 872 1956 misereatur,
892 1885 963 1959 quia
974 1883 1049 1960 Ipse
1065 1883 1150 1945 Solus

265 1986 405 2059 redemit,
432 2001 516 2046 vers:
546 1987 677 2046 15.1s.
720 1984 801 2061 quod
825 1983 958 2059 alioquin
979 1986 1150 2060 periissent,

266 2092 296 2145 et
312 2086 459 2146 infernum
477 2086 659 2145 dominatum
675 2085 792 2160 luisset,
811 2100 896 2143 vers:
919 2087 973 2142 17.
993 2086 1050 2145 18.
1138 2139 1141 2143 ,

130 2187 185 2243 17.
206 2188 236 2243 7.
290 2184 369 2263 quod
387 2193 457 2246 tuuc
474 2189 616 2262 potentia,
636 2204 703 2246 eum
720 2185 866 2245 Dominus
884 2186 976 2256 veuit,
994 2201 1079 2244 vers:
1100 2185 1149 2242 19.

129 2289 159 2345 7.
182 2284 236 2344 15.
291 2285 370 2362 Cap:
389 2285 500 2345 LXIV.
526 2285 614 2363 Quod
630 2286 777 2345 Dominus
795 2286 895 2364 perire
908 2284 999 2344 iaciat
1019 2285 1150 2344 inserue-

265 2385 319 2462 lcs,
335 2385 455 2463 quando
469 2402 536 2446 curn
553 2386 664 2446 Divina
676 2388 811 2462 potentia
826 2387 917 2460 veuit,
938 2402 1023 2445 vers:
1048 2389 1076 2444 1.
1096 2387 1126 2444 2.

180 2487 236 2544 17:
288 2488 369 2563 quod
389 2505 448 2547 uon
471 2488 555 2564 prius
580 2487 714 2546 auditum
740 2486 898 2545 ellectum
921 2486 976 2561 sit,
1003 2501 1090 2545 vers:
1122 2485 1150 2544 3.

265 2587 346 2662 quod
361 2589 404 2645 ita
416 2585 515 2646 salvet
530 2585 645 2662 fideles,
663 2603 748 2645 vers:
770 2590 801 2646 4.

132 2685 161 2739 1.
186 2683 240 2740 17.
295 2685 375 2759 quod
392 2701 494 2744 omues
512 2688 709 2762 inpeccatis,
730 2686 845 2746 etnulli
857 2685 950 2761 salus,
970 2689 1029 2745 nisi
1042 2674 1149 2759 'venias

267 2797 353 2840 vers:
377 2783 406 2841 5.
429 2784 458 2839 6.
492 2799 559 2840 cum
576 2789 677 2842 tamen
697 2801 800 2846 omnes
818 2786 856 2845 ab
873 2785 945 2862 Ipso
965 2789 1060 2846 creati
1076 2791 1150 2853 suut,

264 2896 352 2938 vers:
376 2885 404 2939 7.

132 2979 187 3039 11.
210 2979 239 3038 3.
292 2986 327 3039 ut
350 2978 418 3039 ideo
446 2986 563 3058 spectet
591 2981 630 3041 ad
658 2983 740 3060 illos,
773 3002 860 3048 vers:
889 2987 919 3043 8.
956 3003 1026 3046 eum
1055 2988 1150 3047 omnia

262 3077 417 3139 Ecclesiae
434 3087 555 3141 vastata
572 3090 653 3158 suut,
681 3101 764 3145 vers:
787 3088 817 3143 9.
840 3086 894 3145 10.
931 3085 988 3145 hoo
1005 3088 1148 3147 Dominus

262 3194 322 3238 nou
337 3185 439 3255 potest
456 3180 591 3253 sufferre,
607 3199 693 3242 vers:
717 3187 771 3243 ll.

170 3332 172 3338 2
201 3280 233 3341 4.
287 3278 368 3358 Gap:
386 3279 486 3340 LXV:
519 3279 607 3358 Quod
628 3281 774 3343 Dominus
790 3301 936 3361 praeseus
954 3284 1054 3346 iuerat
1071 3283 1148 3362 apud

260 3380 344 3458 illoS,
365 3384 416 3461 qui
434 3387 537 3443 eontra
553 3380 659 3458 Ipsum
676 3389 761 3458 sunt,
788 3387 839 3460 qui
855 3387 886 3442 in
905 3385 1057 3444 amoribus
1078 3385 1146 3444 diris

261 3482 379 3570 falsiet
393 3484 477 3560 mali,
501 3489 531 3543 et
549 3483 600 3560 qui
619 3482 757 3559 rejiciunt
773 3482 887 3559 Ipsum,
904 3500 991 3547 vers:
1016 3484 1085 3543 lad
1096 3487 1123 3544 5.

200 3580 231 3639 3.
285 3581 366 3656 quod
389 3585 515 3656 perituri
541 3588 666 3659 propter
692 3581 805 3642 cultum
832 3585 1031 3659 contrarium,
1062 3599 1145 3644 vers:

265 3679 294 3735 6.
318 3682 346 3736 7.

175 3775 230 3834 11.
283 3773 338 3833 sed
369 3776 447 3851 quod
473 3793 571 3853 usque
599 3796 658 3841 non
686 3780 828 3857 peribunt
858 3783 957 3840 omnio
983 3782 1148 3856 Ecclesiae,

260 3875 332 3950 quia
347 3873 399 3932 liet
415 3874 561 3950 Ecclesia,
580 3894 668 3936 vers:
691 3882 720 3940 8.
739 3883 768 3940 9.
789 3883 843 3940 10.

201 3975 232 4034 3.
285 3971 339 4033 ssd
357 3972 438 4051 quod
459 3973 517 4047 illi,
546 3977 597 4050 qui
621 3987 833 4056 perverterunt
851 3981 999 4056 Verbum,
1025 3982 1151 4058 perituri

162 4087 166 4093 ’
212 4085 217 4092 ·
262 4073 494 4150 siutexlalsis,
520 4089 603 4133 vers:
627 4079 681 4135 11.
705 4082 759 4139 12.
840 4097 843 4104 ’
988 4098 991 4102 ·
