<?xml version="1.0" encoding="UTF-8"?>
<!DOCTYPE html PUBLIC "-//W3C//DTD XHTML 1.0 Transitional//EN"
    "http://www.w3.org/TR/xhtml1/DTD/xhtml1-transitional.dtd">
<html xmlns="http://www.w3.org/1999/xhtml" xml:lang="en" lang="en">
 <head>
  <title>
</title>
<meta http-equiv="Content-Type" content="text/html;charset=utf-8" />
  <meta name='ocr-system' content='tesseract 3.04.00' />
  <meta name='ocr-capabilities' content='ocr_page ocr_carea ocr_par ocr_line ocrx_word'/>
</head>
<body>
  <div class='ocr_page' id='page_1' title='image "./summariaexposit00swedgoog_0092.png"; bbox 0 0 2528 4808; ppageno 0'>
   <div class='ocr_carea' id='block_1_1' title="bbox 390 339 1152 419">
    <p class='ocr_par' dir='ltr' id='par_1_1' title="bbox 390 339 1152 419">
     <span class='ocr_line' id='line_1_1' title="bbox 390 339 1152 419; baseline 0.037 -29"><span class='ocrx_word' id='word_1_1' title='bbox 390 339 535 419; x_wconf 67' lang='lat' dir='ltr'>conns,</span> <span class='ocrx_word' id='word_1_2' title='bbox 559 375 592 384; x_wconf 93' lang='grc'>-</span> <span class='ocrx_word' id='word_1_3' title='bbox 615 343 752 398; x_wconf 82' lang='lat' dir='ltr'>lllCHAll</span> <span class='ocrx_word' id='word_1_4' title='bbox 773 347 794 410; x_wconf 92' lang='grc' dir='ltr'>Ι,</span> <span class='ocrx_word' id='word_1_5' title='bbox 819 356 902 406; x_wconf 76' lang='grc'><strong>1-3,</strong></span> <span class='ocrx_word' id='word_1_6' title='bbox 1117 364 1152 418; x_wconf 73' lang='grc'>83</span> 
     </span>
    </p>
   </div>
   <div class='ocr_carea' id='block_1_2' title="bbox 524 531 713 601">
    <p class='ocr_par' dir='ltr' id='par_1_2' title="bbox 524 531 713 601">
     <span class='ocr_line' id='line_1_2' title="bbox 524 531 713 601; baseline -0.011 -1"><span class='ocrx_word' id='word_1_7' title='bbox 524 531 713 601; x_wconf 79' lang='lat' dir='ltr'>Jonas</span> 
     </span>
    </p>
   </div>
   <div class='ocr_carea' id='block_1_3' title="bbox 83 685 1120 2247">
    <p class='ocr_par' dir='ltr' id='par_1_3' title="bbox 90 685 1120 1145">
     <span class='ocr_line' id='line_1_3' title="bbox 143 685 1071 766; baseline 0.012 -21"><span class='ocrx_word' id='word_1_8' title='bbox 143 685 224 760; x_wconf 84' lang='lat' dir='ltr'>Cap:</span> <span class='ocrx_word' id='word_1_9' title='bbox 250 685 273 743; x_wconf 92' lang='lat' dir='ltr'>l.</span> <span class='ocrx_word' id='word_1_10' title='bbox 308 686 355 744; x_wconf 90' lang='lat' dir='ltr'>De</span> <span class='ocrx_word' id='word_1_11' title='bbox 374 691 570 747; x_wconf 80' lang='lat' dir='ltr'>conversione</span> <span class='ocrx_word' id='word_1_12' title='bbox 588 692 720 765; x_wconf 83' lang='lat' dir='ltr'>gentium</span> <span class='ocrx_word' id='word_1_13' title='bbox 739 708 817 766; x_wconf 87' lang='lat' dir='ltr'>quae</span> <span class='ocrx_word' id='word_1_14' title='bbox 836 701 906 751; x_wconf 88' lang='lat' dir='ltr'>sunt</span> <span class='ocrx_word' id='word_1_15' title='bbox 923 695 977 753; x_wconf 91' lang='lat' dir='ltr'>Ni·</span> <span class='ocrx_word' id='word_1_16' title='bbox 1017 701 1071 756; x_wconf 93' lang='grc'>11.</span> 
     </span>
     <span class='ocr_line' id='line_1_4' title="bbox 92 774 981 867; baseline 0.012 -25"><span class='ocrx_word' id='word_1_17' title='bbox 92 788 171 859; x_wconf 89' lang='lat' dir='ltr'>nive,</span> <span class='ocrx_word' id='word_1_18' title='bbox 193 785 273 860; x_wconf 90' lang='lat' dir='ltr'>qnod</span> <span class='ocrx_word' id='word_1_19' title='bbox 292 787 424 846; x_wconf 86' lang='lat' dir='ltr'>mandati</span> <span class='ocrx_word' id='word_1_20' title='bbox 440 787 484 846; x_wconf 93' lang='lat' dir='ltr'>illi</span> <span class='ocrx_word' id='word_1_21' title='bbox 502 791 554 863; x_wconf 90' lang='lat' dir='ltr'>qui</span> <span class='ocrx_word' id='word_1_22' title='bbox 573 806 589 847; x_wconf 93' lang='lat' dir='ltr'>e</span> <span class='ocrx_word' id='word_1_23' title='bbox 607 796 696 865; x_wconf 86' lang='lat' dir='ltr'>gente</span> <span class='ocrx_word' id='word_1_24' title='bbox 716 791 855 867; x_wconf 89' lang='lat' dir='ltr'>Judaica,</span> <span class='ocrx_word' id='word_1_25' title='bbox 876 774 981 853; x_wconf 71' lang='grc'><strong>111111-</strong></span> 
     </span>
     <span class='ocr_line' id='line_1_5' title="bbox 91 889 1120 968; baseline 0.011 -24"><span class='ocrx_word' id='word_1_26' title='bbox 91 891 195 944; x_wconf 89' lang='lat' dir='ltr'>cerent</span> <span class='ocrx_word' id='word_1_27' title='bbox 212 892 317 961; x_wconf 81' lang='lat' dir='ltr'><strong>gentes</strong></span> <span class='ocrx_word' id='word_1_28' title='bbox 343 889 537 947; x_wconf 83' lang='lat' dir='ltr'><strong>circumcirca</strong></span> <span class='ocrx_word' id='word_1_29' title='bbox 560 889 707 965; x_wconf 82' lang='lat' dir='ltr'>Verbum,</span> <span class='ocrx_word' id='word_1_30' title='bbox 740 891 795 949; x_wconf 91' lang='lat' dir='ltr'>sed</span> <span class='ocrx_word' id='word_1_31' title='bbox 818 894 896 968; x_wconf 91' lang='lat' dir='ltr'>quod</span> <span class='ocrx_word' id='word_1_32' title='bbox 914 895 981 952; x_wconf 92' lang='lat' dir='ltr'>nol·</span> <span class='ocrx_word' id='word_1_33' title='bbox 1020 899 1073 955; x_wconf 91' lang='lat'>11.</span> <span class='ocrx_word' id='word_1_34' title='bbox 1091 903 1120 955; x_wconf 76' lang='lat'>2.</span> 
     </span>
     <span class='ocr_line' id='line_1_6' title="bbox 90 985 981 1067; baseline 0.011 -25"><span class='ocrx_word' id='word_1_35' title='bbox 90 985 169 1059; x_wconf 87' lang='lat' dir='ltr'>lent,</span> <span class='ocrx_word' id='word_1_36' title='bbox 199 991 230 1044; x_wconf 91' lang='grc'>11</span> <span class='ocrx_word' id='word_1_37' title='bbox 248 987 328 1062; x_wconf 92' lang='lat' dir='ltr'>qnod</span> <span class='ocrx_word' id='word_1_38' title='bbox 348 991 391 1046; x_wconf 91' lang='lat' dir='ltr'>sic</span> <span class='ocrx_word' id='word_1_39' title='bbox 410 989 466 1046; x_wconf 91' lang='lat' dir='ltr'>soli</span> <span class='ocrx_word' id='word_1_40' title='bbox 484 988 618 1046; x_wconf 81' lang='lat' dir='ltr'>Verbum</span> <span class='ocrx_word' id='word_1_41' title='bbox 637 991 718 1067; x_wconf 87' lang='lat' dir='ltr'>apud</span> <span class='ocrx_word' id='word_1_42' title='bbox 736 1007 769 1050; x_wconf 91' lang='lat' dir='ltr'>se</span> <span class='ocrx_word' id='word_1_43' title='bbox 788 993 981 1065; x_wconf 83' lang='lat' dir='ltr'>custodirent,</span> 
     </span>
     <span class='ocr_line' id='line_1_7' title="bbox 90 1087 314 1145; baseline 0.013 -3"><span class='ocrx_word' id='word_1_44' title='bbox 90 1101 176 1144; x_wconf 88' lang='lat' dir='ltr'>vers:</span> <span class='ocrx_word' id='word_1_45' title='bbox 201 1087 273 1144; x_wconf 87' lang='lat' dir='ltr'>led</span> <span class='ocrx_word' id='word_1_46' title='bbox 285 1089 314 1145; x_wconf 86' lang='lat'>3.</span> 
     </span>
    </p>

    <p class='ocr_par' dir='ltr' id='par_1_4' title="bbox 89 1186 1044 1362">
     <span class='ocr_line' id='line_1_8' title="bbox 140 1186 1044 1268; baseline 0.01 -25"><span class='ocrx_word' id='word_1_47' title='bbox 140 1186 222 1260; x_wconf 91' lang='lat' dir='ltr'>quod</span> <span class='ocrx_word' id='word_1_48' title='bbox 242 1189 426 1262; x_wconf 83' lang='lat' dir='ltr'>cognitiones</span> <span class='ocrx_word' id='word_1_49' title='bbox 445 1187 503 1246; x_wconf 89' lang='lat' dir='ltr'>illis</span> <span class='ocrx_word' id='word_1_50' title='bbox 522 1192 620 1264; x_wconf 90' lang='lat' dir='ltr'>perire</span> <span class='ocrx_word' id='word_1_51' title='bbox 639 1193 820 1267; x_wconf 88' lang='lat' dir='ltr'>inciperent,</span> <span class='ocrx_word' id='word_1_52' title='bbox 849 1199 878 1249; x_wconf 91' lang='lat' dir='ltr'>et</span> <span class='ocrx_word' id='word_1_53' title='bbox 898 1194 977 1268; x_wconf 91' lang='lat' dir='ltr'>quod</span> <span class='ocrx_word' id='word_1_54' title='bbox 1015 1199 1044 1252; x_wconf 79' lang='lat'>2.</span> 
     </span>
     <span class='ocr_line' id='line_1_9' title="bbox 89 1285 797 1362; baseline 0.011 -20"><span class='ocrx_word' id='word_1_55' title='bbox 89 1285 131 1342; x_wconf 91' lang='lat' dir='ltr'>illi</span> <span class='ocrx_word' id='word_1_56' title='bbox 150 1293 252 1344; x_wconf 83' lang='lat' dir='ltr'>tamen</span> <span class='ocrx_word' id='word_1_57' title='bbox 270 1303 377 1347; x_wconf 87' lang='lat' dir='ltr'>secure</span> <span class='ocrx_word' id='word_1_58' title='bbox 396 1290 537 1362; x_wconf 82' lang='lat' dir='ltr'>vixerint,</span> <span class='ocrx_word' id='word_1_59' title='bbox 558 1307 642 1349; x_wconf 88' lang='lat' dir='ltr'>vers:</span> <span class='ocrx_word' id='word_1_60' title='bbox 664 1293 695 1348; x_wconf 83' lang='lat'>4.</span> <span class='ocrx_word' id='word_1_61' title='bbox 720 1292 748 1350; x_wconf 87' lang='lat'>5.</span> <span class='ocrx_word' id='word_1_62' title='bbox 768 1294 797 1350; x_wconf 88' lang='grc'>6.</span> 
     </span>
    </p>

    <p class='ocr_par' dir='ltr' id='par_1_5' title="bbox 86 1386 1118 1762">
     <span class='ocr_line' id='line_1_10' title="bbox 140 1386 1118 1466; baseline 0.011 -22"><span class='ocrx_word' id='word_1_63' title='bbox 140 1386 220 1461; x_wconf 92' lang='lat' dir='ltr'>quod</span> <span class='ocrx_word' id='word_1_64' title='bbox 242 1395 348 1462; x_wconf 83' lang='lat' dir='ltr'>gentes</span> <span class='ocrx_word' id='word_1_65' title='bbox 366 1391 572 1465; x_wconf 86' lang='lat' dir='ltr'>perceperint,</span> <span class='ocrx_word' id='word_1_66' title='bbox 599 1391 679 1466; x_wconf 89' lang='lat' dir='ltr'>quod</span> <span class='ocrx_word' id='word_1_67' title='bbox 701 1396 798 1450; x_wconf 90' lang='lat' dir='ltr'>status</span> <span class='ocrx_word' id='word_1_68' title='bbox 819 1391 974 1452; x_wconf 86' lang='lat' dir='ltr'>Ecclesiae</span> <span class='ocrx_word' id='word_1_69' title='bbox 1014 1398 1068 1454; x_wconf 92' lang='grc'>11.</span> <span class='ocrx_word' id='word_1_70' title='bbox 1087 1401 1118 1455; x_wconf 81' lang='lat'>2.</span> 
     </span>
     <span class='ocr_line' id='line_1_11' title="bbox 88 1491 980 1569; baseline 0.008 -25"><span class='ocrx_word' id='word_1_71' title='bbox 88 1493 315 1561; x_wconf 88' lang='lat' dir='ltr'>perverteretur</span> <span class='ocrx_word' id='word_1_72' title='bbox 329 1491 410 1564; x_wconf 84' lang='lat' dir='ltr'>apud</span> <span class='ocrx_word' id='word_1_73' title='bbox 427 1506 460 1548; x_wconf 91' lang='lat' dir='ltr'>se</span> <span class='ocrx_word' id='word_1_74' title='bbox 473 1496 597 1565; x_wconf 89' lang='lat' dir='ltr'>propter</span> <span class='ocrx_word' id='word_1_75' title='bbox 604 1492 755 1568; x_wconf 89' lang='lat' dir='ltr'>jacturam</span> <span class='ocrx_word' id='word_1_76' title='bbox 765 1492 885 1551; x_wconf 86' lang='lat' dir='ltr'>illarum</span> <span class='ocrx_word' id='word_1_77' title='bbox 900 1493 980 1569; x_wconf 88' lang='lat' dir='ltr'>apud</span> 
     </span>
     <span class='ocr_line' id='line_1_12' title="bbox 87 1585 1117 1664; baseline 0.011 -22"><span class='ocrx_word' id='word_1_78' title='bbox 87 1585 235 1657; x_wconf 77' lang='lat' dir='ltr'>ludaeos,</span> <span class='ocrx_word' id='word_1_79' title='bbox 254 1594 284 1647; x_wconf 93' lang='lat' dir='ltr'>et</span> <span class='ocrx_word' id='word_1_80' title='bbox 302 1590 382 1664; x_wconf 90' lang='lat' dir='ltr'>qnod</span> <span class='ocrx_word' id='word_1_81' title='bbox 399 1589 444 1647; x_wconf 90' lang='lat' dir='ltr'>illi</span> <span class='ocrx_word' id='word_1_82' title='bbox 461 1606 519 1646; x_wconf 91' lang='lat' dir='ltr'>non</span> <span class='ocrx_word' id='word_1_83' title='bbox 538 1591 650 1650; x_wconf 92' lang='lat' dir='ltr'>vellent</span> <span class='ocrx_word' id='word_1_84' title='bbox 667 1595 886 1653; x_wconf 88' lang='lat' dir='ltr'>communicare</span> <span class='ocrx_word' id='word_1_85' title='bbox 906 1594 972 1654; x_wconf 89' lang='lat' dir='ltr'>aliis</span> <span class='ocrx_word' id='word_1_86' title='bbox 1011 1598 1064 1657; x_wconf 93' lang='grc'>11.</span> <span class='ocrx_word' id='word_1_87' title='bbox 1087 1599 1117 1655; x_wconf 77' lang='lat'>2.</span> 
     </span>
     <span class='ocr_line' id='line_1_13' title="bbox 86 1692 508 1762; baseline 0.009 -20"><span class='ocrx_word' id='word_1_88' title='bbox 86 1693 173 1743; x_wconf 82' lang='lat' dir='ltr'>extra</span> <span class='ocrx_word' id='word_1_89' title='bbox 191 1703 240 1762; x_wconf 91' lang='lat' dir='ltr'>se,</span> <span class='ocrx_word' id='word_1_90' title='bbox 268 1704 353 1746; x_wconf 88' lang='lat' dir='ltr'>vers:</span> <span class='ocrx_word' id='word_1_91' title='bbox 377 1694 406 1749; x_wconf 79' lang='lat'>7.</span> <span class='ocrx_word' id='word_1_92' title='bbox 430 1693 459 1747; x_wconf 87' lang='lat'>8.</span> <span class='ocrx_word' id='word_1_93' title='bbox 478 1692 508 1746; x_wconf 86' lang='lat'>9.</span> 
     </span>
    </p>

    <p class='ocr_par' dir='ltr' id='par_1_6' title="bbox 83 1786 1117 1964">
     <span class='ocr_line' id='line_1_14' title="bbox 138 1786 1117 1870; baseline 0.012 -27"><span class='ocrx_word' id='word_1_94' title='bbox 138 1786 219 1862; x_wconf 91' lang='lat' dir='ltr'>quod</span> <span class='ocrx_word' id='word_1_95' title='bbox 237 1789 396 1864; x_wconf 84' lang='lat' dir='ltr'>rejicerent</span> <span class='ocrx_word' id='word_1_96' title='bbox 413 1789 466 1848; x_wconf 90' lang='lat' dir='ltr'>illa</span> <span class='ocrx_word' id='word_1_97' title='bbox 485 1807 562 1866; x_wconf 91' lang='lat' dir='ltr'>quae</span> <span class='ocrx_word' id='word_1_98' title='bbox 582 1808 618 1851; x_wconf 87' lang='lat' dir='ltr'>ex</span> <span class='ocrx_word' id='word_1_99' title='bbox 635 1800 724 1866; x_wconf 78' lang='lat' dir='ltr'>gente</span> <span class='ocrx_word' id='word_1_100' title='bbox 743 1793 881 1868; x_wconf 80' lang='lat' dir='ltr'>Judaica,</span> <span class='ocrx_word' id='word_1_101' title='bbox 904 1797 976 1870; x_wconf 83' lang='lat' dir='ltr'>quia</span> <span class='ocrx_word' id='word_1_102' title='bbox 1014 1799 1068 1854; x_wconf 93' lang='lat' dir='ltr'>ll.</span> <span class='ocrx_word' id='word_1_103' title='bbox 1087 1801 1117 1855; x_wconf 76' lang='lat'>2.</span> 
     </span>
     <span class='ocr_line' id='line_1_15' title="bbox 83 1886 817 1964; baseline 0.014 -22"><span class='ocrx_word' id='word_1_104' title='bbox 83 1886 253 1962; x_wconf 80' lang='lat' dir='ltr'>falsificata,</span> <span class='ocrx_word' id='word_1_105' title='bbox 272 1896 306 1946; x_wconf 91' lang='lat' dir='ltr'>ut</span> <span class='ocrx_word' id='word_1_106' title='bbox 323 1889 521 1964; x_wconf 83' lang='lat' dir='ltr'>salvarentur,</span> <span class='ocrx_word' id='word_1_107' title='bbox 540 1908 627 1950; x_wconf 88' lang='lat' dir='ltr'>vers:</span> <span class='ocrx_word' id='word_1_108' title='bbox 652 1893 817 1953; x_wconf 78' lang='grc'><strong>111113.</strong></span> 
     </span>
    </p>

    <p class='ocr_par' dir='ltr' id='par_1_7' title="bbox 83 1989 1063 2247">
     <span class='ocr_line' id='line_1_16' title="bbox 139 1989 1063 2068; baseline 0.009 -23"><span class='ocrx_word' id='word_1_109' title='bbox 139 1989 219 2063; x_wconf 91' lang='lat' dir='ltr'>quod</span> <span class='ocrx_word' id='word_1_110' title='bbox 238 1996 358 2048; x_wconf 88' lang='lat' dir='ltr'>orarent</span> <span class='ocrx_word' id='word_1_111' title='bbox 375 1991 414 2048; x_wconf 86' lang='lat' dir='ltr'>ad</span> <span class='ocrx_word' id='word_1_112' title='bbox 431 1991 591 2050; x_wconf 90' lang='lat' dir='ltr'>Dominum</span> <span class='ocrx_word' id='word_1_113' title='bbox 611 1992 647 2050; x_wconf 93' lang='lat' dir='ltr'>de</span> <span class='ocrx_word' id='word_1_114' title='bbox 666 1993 774 2065; x_wconf 86' lang='lat' dir='ltr'>salute,</span> <span class='ocrx_word' id='word_1_115' title='bbox 795 2010 872 2068; x_wconf 90' lang='lat' dir='ltr'>qnae</span> <span class='ocrx_word' id='word_1_116' title='bbox 891 1995 971 2053; x_wconf 88' lang='lat' dir='ltr'>lacta</span> <span class='ocrx_word' id='word_1_117' title='bbox 1010 1997 1063 2053; x_wconf 81' lang='grc'>11.</span> 
     </span>
     <span class='ocr_line' id='line_1_17' title="bbox 85 2088 973 2168; baseline 0.007 -23"><span class='ocrx_word' id='word_1_118' title='bbox 85 2094 132 2145; x_wconf 87' lang='grc'>111</span> <span class='ocrx_word' id='word_1_119' title='bbox 151 2088 222 2162; x_wconf 88' lang='lat' dir='ltr'>illis,</span> <span class='ocrx_word' id='word_1_120' title='bbox 240 2091 362 2149; x_wconf 90' lang='lat' dir='ltr'>remotis</span> <span class='ocrx_word' id='word_1_121' title='bbox 381 2089 464 2150; x_wconf 86' lang='lat' dir='ltr'>salsis</span> <span class='ocrx_word' id='word_1_122' title='bbox 484 2107 519 2150; x_wconf 84' lang='lat' dir='ltr'>er</span> <span class='ocrx_word' id='word_1_123' title='bbox 537 2099 627 2168; x_wconf 86' lang='lat' dir='ltr'>gente</span> <span class='ocrx_word' id='word_1_124' title='bbox 648 2091 791 2163; x_wconf 86' lang='lat' dir='ltr'>Judaicn,</span> <span class='ocrx_word' id='word_1_125' title='bbox 819 2110 906 2152; x_wconf 88' lang='lat' dir='ltr'>vers:</span> <span class='ocrx_word' id='word_1_126' title='bbox 931 2096 973 2151; x_wconf 79' lang='lat'>14</span> 
     </span>
     <span class='ocr_line' id='line_1_18' title="bbox 83 2187 198 2247; baseline 0.009 -2"><span class='ocrx_word' id='word_1_127' title='bbox 83 2187 122 2245; x_wconf 88' lang='lat' dir='ltr'>ad</span> <span class='ocrx_word' id='word_1_128' title='bbox 145 2192 198 2247; x_wconf 81' lang='lat' dir='ltr'>lo&#39;.</span> 
     </span>
    </p>
   </div>
   <div class='ocr_carea' id='block_1_4' title="bbox 83 2307 1039 2788">
    <p class='ocr_par' dir='ltr' id='par_1_8' title="bbox 83 2307 1039 2788">
     <span class='ocr_line' id='line_1_19' title="bbox 136 2307 1039 2388; baseline 0.008 -22"><span class='ocrx_word' id='word_1_129' title='bbox 136 2307 216 2384; x_wconf 84' lang='lat' dir='ltr'>Cap:</span> <span class='ocrx_word' id='word_1_130' title='bbox 240 2309 280 2367; x_wconf 91' lang='lat' dir='ltr'>H.</span> <span class='ocrx_word' id='word_1_131' title='bbox 319 2310 533 2386; x_wconf 89' lang='lat' dir='ltr'>Propheticum</span> <span class='ocrx_word' id='word_1_132' title='bbox 556 2311 593 2369; x_wconf 92' lang='lat' dir='ltr'>de</span> <span class='ocrx_word' id='word_1_133' title='bbox 621 2314 731 2388; x_wconf 87' lang='lat' dir='ltr'>pugnis</span> <span class='ocrx_word' id='word_1_134' title='bbox 755 2313 876 2371; x_wconf 84' lang='lat' dir='ltr'>Domini</span> <span class='ocrx_word' id='word_1_135' title='bbox 902 2331 972 2372; x_wconf 92' lang='lat' dir='ltr'>cum</span> <span class='ocrx_word' id='word_1_136' title='bbox 1010 2321 1039 2374; x_wconf 82' lang='grc'>7.</span> 
     </span>
     <span class='ocr_line' id='line_1_20' title="bbox 84 2408 1039 2487; baseline 0.01 -24"><span class='ocrx_word' id='word_1_137' title='bbox 84 2408 220 2484; x_wconf 87' lang='lat' dir='ltr'>infernis,</span> <span class='ocrx_word' id='word_1_138' title='bbox 241 2417 271 2468; x_wconf 90' lang='lat' dir='ltr'>et</span> <span class='ocrx_word' id='word_1_139' title='bbox 289 2410 326 2468; x_wconf 92' lang='lat' dir='ltr'>de</span> <span class='ocrx_word' id='word_1_140' title='bbox 344 2412 530 2486; x_wconf 84' lang='lat' dir='ltr'>gravissimis</span> <span class='ocrx_word' id='word_1_141' title='bbox 547 2411 648 2486; x_wconf 88' lang='lat' dir='ltr'>Ipsius</span> <span class='ocrx_word' id='word_1_142' title='bbox 663 2413 876 2471; x_wconf 84' lang='lat' dir='ltr'>tentationibus</span> <span class='ocrx_word' id='word_1_143' title='bbox 891 2421 969 2487; x_wconf 91' lang='lat' dir='ltr'>tunc,</span> <span class='ocrx_word' id='word_1_144' title='bbox 1010 2417 1039 2473; x_wconf 88' lang='grc'>6.</span> 
     </span>
     <span class='ocr_line' id='line_1_21' title="bbox 85 2509 1038 2587; baseline 0.006 -20"><span class='ocrx_word' id='word_1_145' title='bbox 85 2509 170 2568; x_wconf 91' lang='lat' dir='ltr'>etde</span> <span class='ocrx_word' id='word_1_146' title='bbox 189 2515 271 2568; x_wconf 85' lang='lat' dir='ltr'>statu</span> <span class='ocrx_word' id='word_1_147' title='bbox 287 2510 388 2586; x_wconf 87' lang='lat' dir='ltr'>Ipsius</span> <span class='ocrx_word' id='word_1_148' title='bbox 405 2519 492 2586; x_wconf 89' lang='lat' dir='ltr'>tunc;</span> <span class='ocrx_word' id='word_1_149' title='bbox 513 2518 574 2570; x_wconf 88' lang='lat' dir='ltr'>tres</span> <span class='ocrx_word' id='word_1_150' title='bbox 593 2512 657 2570; x_wconf 88' lang='lat' dir='ltr'>dies</span> <span class='ocrx_word' id='word_1_151' title='bbox 674 2519 703 2570; x_wconf 92' lang='grc'>11</span> <span class='ocrx_word' id='word_1_152' title='bbox 720 2519 841 2581; x_wconf 90' lang='lat' dir='ltr'>noctes,</span> <span class='ocrx_word' id='word_1_153' title='bbox 861 2512 969 2587; x_wconf 91' lang='lat' dir='ltr'>quibus</span> <span class='ocrx_word' id='word_1_154' title='bbox 1009 2520 1038 2573; x_wconf 84' lang='grc'>7.</span> 
     </span>
     <span class='ocr_line' id='line_1_22' title="bbox 83 2609 1037 2687; baseline 0.006 -20"><span class='ocrx_word' id='word_1_155' title='bbox 83 2609 180 2668; x_wconf 86' lang='lat' dir='ltr'>Jonas</span> <span class='ocrx_word' id='word_1_156' title='bbox 199 2611 255 2668; x_wconf 85' lang='lat' dir='ltr'>luit</span> <span class='ocrx_word' id='word_1_157' title='bbox 272 2612 302 2668; x_wconf 92' lang='lat' dir='ltr'>in</span> <span class='ocrx_word' id='word_1_158' title='bbox 316 2611 484 2670; x_wconf 89' lang='lat' dir='ltr'>visceribus</span> <span class='ocrx_word' id='word_1_159' title='bbox 502 2613 605 2687; x_wconf 90' lang='lat' dir='ltr'>piscis,</span> <span class='ocrx_word' id='word_1_160' title='bbox 623 2612 772 2687; x_wconf 83' lang='lat' dir='ltr'>significat</span> <span class='ocrx_word' id='word_1_161' title='bbox 782 2612 969 2672; x_wconf 84' lang='lat' dir='ltr'>durationem</span> <span class='ocrx_word' id='word_1_162' title='bbox 1008 2616 1037 2673; x_wconf 88' lang='grc'>6.</span> 
     </span>
     <span class='ocr_line' id='line_1_23' title="bbox 83 2710 877 2788; baseline 0.009 -23"><span class='ocrx_word' id='word_1_163' title='bbox 83 2710 231 2786; x_wconf 84' lang='lat' dir='ltr'>integram</span> <span class='ocrx_word' id='word_1_164' title='bbox 249 2728 369 2788; x_wconf 84' lang='lat' dir='ltr'>pugnae</span> <span class='ocrx_word' id='word_1_165' title='bbox 389 2729 456 2769; x_wconf 93' lang='lat' dir='ltr'>cum</span> <span class='ocrx_word' id='word_1_166' title='bbox 473 2712 606 2784; x_wconf 82' lang='grc'><strong>1111111111,</strong></span> <span class='ocrx_word' id='word_1_167' title='bbox 626 2728 710 2770; x_wconf 89' lang='lat' dir='ltr'>vers:</span> <span class='ocrx_word' id='word_1_168' title='bbox 734 2715 749 2769; x_wconf 90' lang='grc'>1</span> <span class='ocrx_word' id='word_1_169' title='bbox 768 2711 807 2770; x_wconf 88' lang='lat' dir='ltr'>ad</span> <span class='ocrx_word' id='word_1_170' title='bbox 822 2716 877 2772; x_wconf 89' lang='lat' dir='ltr'>ll.</span> 
     </span>
    </p>
   </div>
   <div class='ocr_carea' id='block_1_5' title="bbox 82 2829 1061 3202">
    <p class='ocr_par' dir='ltr' id='par_1_9' title="bbox 82 2829 1061 3202">
     <span class='ocr_line' id='line_1_24' title="bbox 134 2829 1061 2906; baseline 0.003 -18"><span class='ocrx_word' id='word_1_171' title='bbox 134 2829 215 2905; x_wconf 84' lang='lat' dir='ltr'>Cep:</span> <span class='ocrx_word' id='word_1_172' title='bbox 233 2829 288 2889; x_wconf 91' lang='lat' dir='ltr'>III.</span> <span class='ocrx_word' id='word_1_173' title='bbox 317 2829 406 2906; x_wconf 85' lang='lat' dir='ltr'>Quod</span> <span class='ocrx_word' id='word_1_174' title='bbox 423 2836 538 2906; x_wconf 83' lang='lat' dir='ltr'>gentes,</span> <span class='ocrx_word' id='word_1_175' title='bbox 558 2831 714 2889; x_wconf 85' lang='lat' dir='ltr'>audientes</span> <span class='ocrx_word' id='word_1_176' title='bbox 733 2848 771 2890; x_wconf 85' lang='lat' dir='ltr'>ex</span> <span class='ocrx_word' id='word_1_177' title='bbox 789 2830 890 2890; x_wconf 89' lang='lat' dir='ltr'>Verbo</span> <span class='ocrx_word' id='word_1_178' title='bbox 908 2829 968 2890; x_wconf 91' lang='lat' dir='ltr'>Dei</span> <span class='ocrx_word' id='word_1_179' title='bbox 1006 2835 1061 2892; x_wconf 91' lang='grc'>11.</span> 
     </span>
     <span class='ocr_line' id='line_1_25' title="bbox 84 2929 976 3006; baseline 0.004 -21"><span class='ocrx_word' id='word_1_180' title='bbox 84 2929 119 2987; x_wconf 86' lang='grc'>11</span> <span class='ocrx_word' id='word_1_181' title='bbox 137 2931 272 3005; x_wconf 89' lang='lat' dir='ltr'>peccatis</span> <span class='ocrx_word' id='word_1_182' title='bbox 298 2933 377 3005; x_wconf 85' lang='lat' dir='ltr'>suis,</span> <span class='ocrx_word' id='word_1_183' title='bbox 411 2931 490 3006; x_wconf 92' lang='lat' dir='ltr'>quod</span> <span class='ocrx_word' id='word_1_184' title='bbox 508 2933 648 3006; x_wconf 90' lang='lat' dir='ltr'>perituri,</span> <span class='ocrx_word' id='word_1_185' title='bbox 672 2936 742 3006; x_wconf 91' lang='lat' dir='ltr'>post</span> <span class='ocrx_word' id='word_1_186' title='bbox 761 2933 976 3006; x_wconf 90' lang='lat' dir='ltr'>poenitentiam</span> 
     </span>
     <span class='ocr_line' id='line_1_26' title="bbox 83 3030 1060 3109; baseline 0.005 -23"><span class='ocrx_word' id='word_1_187' title='bbox 83 3045 115 3087; x_wconf 89' lang='grc'>11</span> <span class='ocrx_word' id='word_1_188' title='bbox 135 3036 364 3104; x_wconf 89' lang='lat' dir='ltr'>converterunt,</span> <span class='ocrx_word' id='word_1_189' title='bbox 393 3037 424 3090; x_wconf 90' lang='lat' dir='ltr'>et</span> <span class='ocrx_word' id='word_1_190' title='bbox 443 3030 522 3106; x_wconf 92' lang='lat' dir='ltr'>quod</span> <span class='ocrx_word' id='word_1_191' title='bbox 540 3048 559 3088; x_wconf 86' lang='lat' dir='ltr'>a</span> <span class='ocrx_word' id='word_1_192' title='bbox 576 3030 704 3088; x_wconf 92' lang='lat' dir='ltr'>Domino</span> <span class='ocrx_word' id='word_1_193' title='bbox 724 3031 818 3089; x_wconf 83' lang='lat' dir='ltr'>auditi</span> <span class='ocrx_word' id='word_1_194' title='bbox 835 3033 913 3109; x_wconf 80' lang='lat' dir='ltr'>sint,</span> <span class='ocrx_word' id='word_1_195' title='bbox 939 3038 969 3090; x_wconf 90' lang='lat' dir='ltr'>et</span> <span class='ocrx_word' id='word_1_196' title='bbox 1007 3035 1060 3092; x_wconf 90' lang='lat' dir='ltr'>ll.</span> 
     </span>
     <span class='ocr_line' id='line_1_27' title="bbox 82 3129 490 3202; baseline 0.005 -17"><span class='ocrx_word' id='word_1_197' title='bbox 82 3129 205 3202; x_wconf 81' lang='lat' dir='ltr'>salvati,</span> <span class='ocrx_word' id='word_1_198' title='bbox 232 3146 320 3188; x_wconf 86' lang='lat' dir='ltr'>vers:</span> <span class='ocrx_word' id='word_1_199' title='bbox 344 3134 357 3188; x_wconf 92' lang='grc'>1</span> <span class='ocrx_word' id='word_1_200' title='bbox 378 3130 416 3187; x_wconf 90' lang='lat' dir='ltr'>ad</span> <span class='ocrx_word' id='word_1_201' title='bbox 436 3133 490 3189; x_wconf 90' lang='grc'>10.</span> 
     </span>
    </p>
   </div>
   <div class='ocr_carea' id='block_1_6' title="bbox 79 3247 1054 3608">
    <p class='ocr_par' dir='ltr' id='par_1_10' title="bbox 79 3247 1054 3608">
     <span class='ocr_line' id='line_1_28' title="bbox 131 3247 1035 3326; baseline 0.002 -20"><span class='ocrx_word' id='word_1_202' title='bbox 131 3247 213 3323; x_wconf 85' lang='lat' dir='ltr'>Cap:</span> <span class='ocrx_word' id='word_1_203' title='bbox 232 3247 285 3307; x_wconf 83' lang='lat' dir='ltr'>IV.</span> <span class='ocrx_word' id='word_1_204' title='bbox 312 3249 401 3325; x_wconf 84' lang='lat' dir='ltr'>Quod</span> <span class='ocrx_word' id='word_1_205' title='bbox 418 3267 492 3326; x_wconf 83' lang='lat' dir='ltr'>gens</span> <span class='ocrx_word' id='word_1_206' title='bbox 511 3249 643 3308; x_wconf 63' lang='lat' dir='ltr'>,Iudaica</span> <span class='ocrx_word' id='word_1_207' title='bbox 656 3251 693 3309; x_wconf 90' lang='lat' dir='ltr'>de</span> <span class='ocrx_word' id='word_1_208' title='bbox 713 3266 748 3308; x_wconf 91' lang='lat' dir='ltr'>eo</span> <span class='ocrx_word' id='word_1_209' title='bbox 767 3250 846 3325; x_wconf 92' lang='lat' dir='ltr'>quod</span> <span class='ocrx_word' id='word_1_210' title='bbox 861 3257 965 3325; x_wconf 86' lang='lat' dir='ltr'>gentes</span> <span class='ocrx_word' id='word_1_211' title='bbox 1005 3254 1035 3308; x_wconf 79' lang='lat'>2.</span> 
     </span>
     <span class='ocr_line' id='line_1_29' title="bbox 79 3348 1054 3423; baseline 0 -17"><span class='ocrx_word' id='word_1_212' title='bbox 79 3348 217 3406; x_wconf 81' lang='lat' dir='ltr'>salvatae</span> <span class='ocrx_word' id='word_1_213' title='bbox 236 3350 294 3406; x_wconf 88' lang='lat' dir='ltr'>sint</span> <span class='ocrx_word' id='word_1_214' title='bbox 317 3349 407 3408; x_wconf 91' lang='lat' dir='ltr'>valde</span> <span class='ocrx_word' id='word_1_215' title='bbox 429 3351 700 3423; x_wconf 84' lang='lat' dir='ltr'>excandescerent,</span> <span class='ocrx_word' id='word_1_216' title='bbox 733 3365 818 3407; x_wconf 89' lang='lat' dir='ltr'>vers:</span> <span class='ocrx_word' id='word_1_217' title='bbox 854 3348 923 3406; x_wconf 83' lang='lat' dir='ltr'>lad</span> <span class='ocrx_word' id='word_1_218' title='bbox 937 3353 970 3406; x_wconf 84' lang='lat'>4.</span> <span class='ocrx_word' id='word_1_219' title='bbox 1051 3354 1054 3360; x_wconf 85' lang='lat'>&#39;</span> 
     </span>
     <span class='ocr_line' id='line_1_30' title="bbox 81 3447 968 3528; baseline -0.003 -23"><span class='ocrx_word' id='word_1_220' title='bbox 81 3455 342 3524; x_wconf 84' lang='lat' dir='ltr'>repraesentatum</span> <span class='ocrx_word' id='word_1_221' title='bbox 369 3448 452 3528; x_wconf 89' lang='lat' dir='ltr'>[per]</span> <span class='ocrx_word' id='word_1_222' title='bbox 481 3451 561 3526; x_wconf 91' lang='lat' dir='ltr'>quod</span> <span class='ocrx_word' id='word_1_223' title='bbox 583 3449 795 3509; x_wconf 83' lang='lat' dir='ltr'>exardesceret</span> <span class='ocrx_word' id='word_1_224' title='bbox 813 3463 905 3521; x_wconf 85' lang='lat' dir='ltr'>super</span> <span class='ocrx_word' id='word_1_225' title='bbox 923 3447 968 3519; x_wconf 87' lang='lat' dir='ltr'>id,</span> 
     </span>
     <span class='ocr_line' id='line_1_31' title="bbox 81 3548 330 3608; baseline 0.008 -4"><span class='ocrx_word' id='word_1_226' title='bbox 81 3565 163 3607; x_wconf 89' lang='lat' dir='ltr'>vers:</span> <span class='ocrx_word' id='word_1_227' title='bbox 189 3548 261 3606; x_wconf 84' lang='lat' dir='ltr'>5ad</span> <span class='ocrx_word' id='word_1_228' title='bbox 278 3552 330 3608; x_wconf 92' lang='lat' dir='ltr'>ll.</span> 
     </span>
    </p>
   </div>
   <div class='ocr_carea' id='block_1_7' title="bbox 487 3735 729 3806">
    <p class='ocr_par' dir='ltr' id='par_1_11' title="bbox 487 3735 729 3806">
     <span class='ocr_line' id='line_1_32' title="bbox 487 3735 729 3806; baseline -0.012 0"><span class='ocrx_word' id='word_1_229' title='bbox 487 3735 729 3806; x_wconf 67' lang='lat' dir='ltr'>Micham</span> 
     </span>
    </p>
   </div>
   <div class='ocr_carea' id='block_1_8' title="bbox 80 3877 1034 4170">
    <p class='ocr_par' dir='ltr' id='par_1_12' title="bbox 80 3877 1034 4170">
     <span class='ocr_line' id='line_1_33' title="bbox 131 3877 1034 3978; baseline -0.001 -25"><span class='ocrx_word' id='word_1_230' title='bbox 131 3894 211 3969; x_wconf 84' lang='lat' dir='ltr'>Cap:</span> <span class='ocrx_word' id='word_1_231' title='bbox 235 3893 259 3951; x_wconf 94' lang='lat' dir='ltr'>I.</span> <span class='ocrx_word' id='word_1_232' title='bbox 302 3877 350 3951; x_wconf 90' lang='lat' dir='ltr'>De</span> <span class='ocrx_word' id='word_1_233' title='bbox 376 3893 515 3953; x_wconf 84' lang='lat' dir='ltr'>Ecclesia</span> <span class='ocrx_word' id='word_1_234' title='bbox 539 3895 638 3969; x_wconf 88' lang='lat' dir='ltr'>quoad</span> <span class='ocrx_word' id='word_1_235' title='bbox 664 3895 829 3978; x_wconf 81' lang='lat' dir='ltr'>doctrinam</span> <span class='ocrx_word' id='word_1_236' title='bbox 847 3896 913 3953; x_wconf 88' lang='lat' dir='ltr'>veri</span> <span class='ocrx_word' id='word_1_237' title='bbox 938 3900 969 3953; x_wconf 91' lang='lat' dir='ltr'>et</span> <span class='ocrx_word' id='word_1_238' title='bbox 1007 3897 1034 3959; x_wconf 87' lang='lat' dir='ltr'>l.</span> 
     </span>
     <span class='ocr_line' id='line_1_34' title="bbox 81 3987 1026 4070; baseline 0 -19"><span class='ocrx_word' id='word_1_239' title='bbox 81 3994 157 4053; x_wconf 91' lang='lat' dir='ltr'>boni.</span> <span class='ocrx_word' id='word_1_240' title='bbox 192 3987 240 4051; x_wconf 89' lang='lat' dir='ltr'>De</span> <span class='ocrx_word' id='word_1_241' title='bbox 259 3992 407 4053; x_wconf 88' lang='lat' dir='ltr'>descensu</span> <span class='ocrx_word' id='word_1_242' title='bbox 425 3994 547 4052; x_wconf 88' lang='lat' dir='ltr'>Domini</span> <span class='ocrx_word' id='word_1_243' title='bbox 571 4012 587 4053; x_wconf 95' lang='lat' dir='ltr'>e</span> <span class='ocrx_word' id='word_1_244' title='bbox 606 3994 707 4069; x_wconf 89' lang='lat' dir='ltr'>coelo,</span> <span class='ocrx_word' id='word_1_245' title='bbox 736 3995 821 4054; x_wconf 92' lang='lat' dir='ltr'>etde</span> <span class='ocrx_word' id='word_1_246' title='bbox 840 3996 972 4059; x_wconf 90' lang='lat' dir='ltr'>adventu</span> <span class='ocrx_word' id='word_1_247' title='bbox 1023 4066 1026 4070; x_wconf 15' lang='lat'><strong>⁴</strong></span> 
     </span>
     <span class='ocr_line' id='line_1_35' title="bbox 80 4093 604 4170; baseline 0 -19"><span class='ocrx_word' id='word_1_248' title='bbox 80 4093 178 4170; x_wconf 91' lang='lat' dir='ltr'>Ipsius</span> <span class='ocrx_word' id='word_1_249' title='bbox 196 4095 226 4151; x_wconf 91' lang='lat' dir='ltr'>in</span> <span class='ocrx_word' id='word_1_250' title='bbox 245 4093 404 4164; x_wconf 88' lang='lat' dir='ltr'>mundum,</span> <span class='ocrx_word' id='word_1_251' title='bbox 421 4111 505 4152; x_wconf 84' lang='lat' dir='ltr'>vers:</span> <span class='ocrx_word' id='word_1_252' title='bbox 529 4097 556 4152; x_wconf 91' lang='lat'>1.</span> <span class='ocrx_word' id='word_1_253' title='bbox 575 4098 604 4151; x_wconf 80' lang='lat'>2.</span> 
     </span>
    </p>
   </div>
   <div class='ocr_carea' id='block_1_9' title="bbox 128 4193 1058 4345">
    <p class='ocr_par' dir='ltr' id='par_1_13' title="bbox 128 4193 1058 4345">
     <span class='ocr_line' id='line_1_36' title="bbox 128 4193 1058 4269; baseline -0.005 -17"><span class='ocrx_word' id='word_1_254' title='bbox 128 4194 208 4269; x_wconf 92' lang='lat' dir='ltr'>quod</span> <span class='ocrx_word' id='word_1_255' title='bbox 227 4193 304 4251; x_wconf 91' lang='lat' dir='ltr'>alius</span> <span class='ocrx_word' id='word_1_256' title='bbox 323 4199 420 4252; x_wconf 87' lang='lat' dir='ltr'>status</span> <span class='ocrx_word' id='word_1_257' title='bbox 440 4194 516 4252; x_wconf 90' lang='lat' dir='ltr'>coeli</span> <span class='ocrx_word' id='word_1_258' title='bbox 534 4200 604 4250; x_wconf 91' lang='lat' dir='ltr'>tunc</span> <span class='ocrx_word' id='word_1_259' title='bbox 623 4195 719 4253; x_wconf 86' lang='lat' dir='ltr'>sactus</span> <span class='ocrx_word' id='word_1_260' title='bbox 739 4195 789 4262; x_wconf 90' lang='lat' dir='ltr'>sit,</span> <span class='ocrx_word' id='word_1_261' title='bbox 809 4210 897 4251; x_wconf 84' lang='lat' dir='ltr'>vers:</span> <span class='ocrx_word' id='word_1_262' title='bbox 920 4195 949 4252; x_wconf 88' lang='grc'>3.</span> <span class='ocrx_word' id='word_1_263' title='bbox 1005 4194 1058 4248; x_wconf 75' lang='lat'>12.</span> 
     </span>
     <span class='ocr_line' id='line_1_37' title="bbox 600 4293 926 4345; baseline -0.006 -30"><span class='ocrx_word' id='word_1_264' title='bbox 600 4311 602 4315; x_wconf 79' lang='grc'>,</span> <span class='ocrx_word' id='word_1_265' title='bbox 812 4304 816 4311; x_wconf 94' lang='grc'><strong>.</strong></span> <span class='ocrx_word' id='word_1_266' title='bbox 850 4299 854 4308; x_wconf 90' lang='grc'><strong>.</strong></span> <span class='ocrx_word' id='word_1_267' title='bbox 883 4293 926 4345; x_wconf 63' lang='lat'>0.</span> 
     </span>
    </p>
   </div>
   <div class='ocr_carea' id='block_1_10' title="bbox 0 0 1268 4808">
    <p class='ocr_par' dir='ltr' id='par_1_14' title="bbox 0 0 1268 4808">
     <span class='ocr_line' id='line_1_38' title="bbox 0 0 1268 4808; baseline 0 2"><span class='ocrx_word' id='word_1_268' title='bbox 0 0 1268 4808; x_wconf 95' lang='lat' dir='ltr'> </span> 
     </span>
    </p>
   </div>
  </div>
 </body>
</html>
