2528 4808
104 262 140 315 ῃ
372 247 472 306 nano.
493 246 575 305 ces.
598 243 691 312 ιντο
712 253 730 305 ς
752 243 849 310 -ut
871 250 900 304 s.

272 426 358 470 νοτες
384 411 422 466 2ς
462 413 492 465 et
509 408 589 465 sicut
606 407 658 481 qul
675 420 710 463 εο
729 406 915 476 convertunt,
934 417 1030 461 νοτες
1054 399 1086 463 a:
1125 403 1171 461 scd

271 514 449 567 convertunt
466 523 500 565 εο
519 523 557 565 cx
574 505 668 579 malo,
688 520 776 565 νοτες
797 506 828 561 4.

197 613 250 668 11.
303 607 385 684 quod
402 606 558 665 conversio
574 623 634 664 non
653 607 692 663 sit
714 605 823 663 devote
847 601 949 680 loqui,
983 602 1045 662 sed
1068 603 1170 680 lugere

271 706 365 782 mala,
395 723 479 766 νοτες
510 707 539 765 5.
564 708 593 764 6.
636 711 666 763 ct
688 705 865 764 charitatem
883 719 1048 779 exercere,
1083 720 1168 764 νοτες

275 810 305 864 ’1.
341 813 410 865 tunc
428 806 487 864 illis
505 822 577 864 vera
594 808 624 863 in
643 808 745 880 copia,
779 810 809 863 et
833 803 982 862 Dominus
1010 805 1071 863 erit
1090 803 1168 882 apud

270 905 353 981 illos,
372 923 458 966 νοτες
479 904 553 964 aad
570 909 625 974 11,

193 1009 247 1067 11.
299 994 441 1083 11οόρν1
457 1005 525 1065 111οε
544 1008 600 1066 erit
615 1005 764 1074 Ecclesia,
785 1011 815 1063 ot
831 1002 1052 1064 restaurabunt
1070 1006 1165 1063 omnia

271 1106 436 1184 Ecclesiae,
456 1122 541 1168 νοτες
563 1109 618 1164 12.

116 1209 169 1267 11.
192 1209 244 1268 10.
297 1210 324 1267 si
346 1211 486 1268 unionem
504 1207 625 1265 Domini
647 1223 716 1265 cum
732 1204 871 1265 Ecclesia
887 1211 1025 1264 sanctam
1044 1203 1163 1276 habent,

273 1307 353 1385 quod
369 1309 487 1367 venturi
501 1309 560 1364 sint
577 1310 607 1364 in
620 1306 746 1379 coelum,
766 1321 851 1364 νοτες
876 1305 929 1363 13.
951 1307 1008 1363 14.

211 1411 241 1467 2.
295 1406 376 1483 Cap:
395 1407 483 1466 LIX:
508 1407 588 1482 quod
603 1408 752 1466 Dominus
770 1404 873 1463 audiat
891 1411 921 1463 ct
935 1406 1035 1481 possit
1054 1406 1160 1476 ouinia,

272 1506 328 1566 sed
345 1507 425 1582 quod
442 1506 519 1565 falsa
537 1513 567 1565 et
583 1507 663 1566 mala
679 1506 852 1582 impediant,
869 1521 956 1563 νοτες
980 1507 1012 1562 1.
1030 1507 1063 1565 2.

213 1611 244 1665 2.
298 1606 377 1681 quod
395 1624 468 1664 νοτε
486 1606 523 1664 ab
541 1606 599 1666 illis
618 1610 677 1666 sint
694 1605 868 1672 lalsificata.
885 1604 964 1663 unde
983 1605 1068 1663 mela
1085 1607 1160 1662 vitae

274 1712 304 1765 et
321 1706 398 1765 salsa
416 1706 581 1782 doctrinae,
601 1725 686 1769 νοτες
709 1709 739 1772 3.
757 1708 788 1764 4.
825 1704 914 1782 Quod
931 1704 1097 1764 excludant
1115 1711 1159 1762 ta·

272 1805 314 1864 lia
325 1823 403 1882 quae
417 1812 538 1884 captant
552 1815 582 1866 et
595 1807 711 1881 fallunt,
726 1813 756 1866 ct
768 1812 876 1882 postea
886 1811 1005 1878 necant,
1025 1822 1109 1864 νοτες
1131 1805 1157 1863 ῖς.

212 1909 241 1963 2.
295 1906 375 1982 quod
391 1906 444 1966 illa
461 1924 537 1986 quae
560 1908 712 1967 doctrinae
738 1912 768 1966 ct
794 1908 971 1982 quaesitae
994 1905 1078 1982 apud
1095 1905 1159 1964 illos

270 2023 329 2066 non
349 2007 468 2070 valeant
485 2007 523 2066 ad
541 2012 714 2086 quicquam,
733 2023 818 2066 νοτες
842 2008 870 2064 6.

212 2110 241 2165 2.
293 2107 391 2167 seduli
425 2114 495 2166 suut
536 2109 576 2166 ed
611 2106 859 2185 pervertendum,
900 2106 980 2165 uude
1022 2107 1158 2178 vastatio,

271 2223 354 2266 νοτος
378 2213 394 2265 1
402 2253 407 2265 .
449 2207 499 2284 qui
522 2211 666 2285 sequitur,
692 2208 792 2286 pordit
808 2225 883 2266 vera
904 2207 1063 2268 Ecclesiae
1082 2204 1160 2284 apud

273 2322 321 2383 εο,
346 2323 431 2368 νοτες
453 2310 483 2365 8.

212 2411 242 2467 2.
294 2408 363 2467 inde
390 2415 449 2484 est,
484 2407 564 2487 quod
585 2408 615 2466 in
640 2407 725 2467 salsis
756 2412 816 2468 sint
838 2416 868 2468 ot
889 2409 962 2468 nihil
985 2409 1109 2468 videant
1132 2410 1159 2465 in

271 2509 369 2569 media
404 2507 489 2585 luce,
525 2525 611 2568 νοτες
651 2510 680 2566 9.
719 2511 773 2569 10.
824 2498 895 2568 inde
928 2526 988 2568 non
1023 2508 1158 2580 salvatio,

220 2663 224 2670 .
272 2627 357 2669 νοτες
381 2614 435 2668 11.

116 2708 146 2763 2.
168 2708 198 2763 4.
221 2712 249 2765 7.
303 2711 444 2784 quianon
460 2711 519 2768 nisi
533 2725 622 2785 quam
639 2709 728 2778 mala,
747 2720 777 2770 et
795 2729 882 2788 quam
902 2713 1020 2769 aversio
1039 2712 1157 2783 averia,

271 2810 314 2864 ita
332 2825 350 2864 a
367 2808 511 2878 Domino,
536 2825 622 2866 νοτες
654 2812 695 2867 12
713 2811 751 2869 ad
768 2815 823 2870 15.
868 2813 1009 2888 quoniam
1026 2826 1087 2869 non
1104 2809 1156 2868 ali·

273 2908 339 2982 quis
357 2908 387 2964 ln
405 2923 493 2981 vero,
514 2915 544 2968 et
561 2926 619 2968 non
638 2910 747 2986 aliquis
766 2929 835 2971 cum
851 2911 988 2985 Domino,
1007 2912 1077 2970 ideo
1090 2911 1157 2987 Ipse

272 3004 361 3065 Solus
388 3025 426 3066 ex
456 3007 566 3068 Divino
591 3028 663 3070 vero
688 3014 812 3089 propria
840 3012 976 3088 potentia
1005 3011 1155 3088 pugnavit,

270 3122 356 3165 νοτες
379 3110 509 3167 16.17.

211 3212 238 3265 1.
292 3207 370 3265 sicut
387 3225 424 3266 ex
442 3208 583 3279 vindicta,
600 3228 684 3270 vers:
709 3213 762 3270 18.

184 3309 238 3368 11.
290 3325 382 3386 quare
396 3308 460 3386 Ipsi
475 3308 593 3372 divinus
613 3311 724 3387 cultus,
744 3313 816 3390 quia
833 3314 871 3372 ab
885 3314 956 3390 Ipso
970 3310 1156 3388 Redemptio,

268 3427 353 3470 νοτες
378 3413 432 3470 19.
455 3412 510 3470 20.

184 3515 237 3570 17.
291 3518 321 3569 et
339 3512 419 3589 quod
436 3529 454 3573 a
470 3513 580 3571 Divino
605 3510 705 3588 Ipsius
725 3529 811 3572 omne
830 3529 936 3572 corum
952 3512 1110 3571 Ecclesiae
1129 3510 1157 3567 in

267 3616 439 3679 aeternum,
457 3628 541 3671 vers:
564 3613 620 3670 21.

160 3711 189 3766 1.
212 3711 242 3768 3.
297 3707 370 3784 Cap:
380 3709 451 3786 LX:
467 3710 753 3770 AdventusDomini
763 3729 831 3770 cum
841 3713 951 3772 Divino
961 3728 1044 3786 uero,
1060 3727 1156 3787 quan·

269 3807 306 3866 do
323 3823 383 3864 non
400 3808 458 3865 nlsi
472 3826 560 3885 quam
579 3809 687 3869 salsum
702 3817 732 3871 et
744 3811 857 3872 malum
871 3813 948 3887 falsi,
969 3827 1055 3870 νοτες
1075 3814 1103 3868 l.
1126 3811 1155 3868 2.

109 3909 162 3966 10.
188 3910 240 3966 ll.
296 3906 535 3983 quodDiviuum
560 3907 648 3966 modo
672 3912 703 3968 in
724 3912 867 3984 Domino,
891 3929 976 3972 νοτες
1007 3914 1038 3968 2.
1078 3906 1157 3986 quod

267 4007 419 4071 accessuri
447 4007 486 4065 ad
513 4007 619 4084 Ipsum
645 4009 675 4084 in
703 4012 809 4095 multa
828 4014 915 4092 copia
948 4011 985 4072 ab
1017 4009 1156 4086 undique,

269 4108 357 4165 etiam
376 4108 426 4185 qui
444 4110 572 4180 externi,
591 4123 676 4167 νοτες
699 4111 727 4169 3.
750 4116 779 4186 4,
804 4114 833 4172 5.
1206 4104 1210 4112 ’
