2528 4808
364 319 494 376 saucii:
517 320 598 379 CAP.
619 318 677 386 Vll,
700 331 736 381 23
758 320 830 386 -X,
853 329 897 383 15.
1124 334 1158 385 53

152 478 191 537 de
208 476 417 538 falsificatione
436 477 539 550 Verbi,
559 497 646 540 vers:
669 482 724 540 23.
747 485 802 540 24.
1035 483 1065 542 3.

154 577 236 655 quod
253 594 312 637 non
329 580 445 654 possint
461 581 650 655 resipiscere,
671 582 741 656 qula
759 599 849 641 nona
864 582 949 642 malls
965 588 995 644 et
1033 586 1062 644 3.

99 678 187 738 falsis
206 677 324 751 abduci,
343 695 429 737 vers:
451 680 494 737 25
511 678 550 736 ad
565 683 624 738 27.

153 776 233 854 Gap:
254 776 340 836 VIII.
379 777 426 837 De
449 778 687 855 prophanatione
705 783 811 839 saneti.
849 779 986 858 Reprae-
1026 786 1104 844 3.1.

99 882 238 936 scutatus
271 882 318 937 est
351 877 497 938 Dominus
540 878 640 955 quoad
674 879 815 940 Divinum
851 898 991 956 amorem,

99 993 187 1037 vers:
216 981 244 1035 1.
260 979 291 1035 2.

152 1083 183 1134 et
201 1083 356 1136 ostensum
381 1077 529 1153 quomodo
546 1079 768 1156 prophanatum
792 1088 839 1140 cst
859 1088 995 1141 sanctum
1034 1085 1063 1144 3.

44 1245 46 1247 ¹
100 1176 209 1250 Verbi,
235 1192 320 1236 vers:
343 1177 373 1235 3.
390 1182 420 1236 4.
446 1196 554 1255 nempe
578 1181 658 1255 qnod
683 1184 892 1258 separaverint
915 1198 949 1240 se
973 1198 993 1240 a

99 1283 206 1335 sancto
224 1275 323 1336 cultus
341 1276 511 1347 Ecclesiam,
537 1295 622 1338 vers:
646 1282 663 1339 5
694 1284 724 1340 6.

151 1375 234 1452 quod
251 1392 367 1434 amores
386 1377 525 1437 diabolici
540 1383 741 1454 perverterint
765 1381 900 1440 ultimum
920 1397 991 1440 sen·
1031 1382 1060 1440 3.

98 1493 168 1534 sum
186 1474 289 1551 Verbi,
309 1493 394 1536 vers:
417 1482 433 1536 7
455 1476 495 1536 ad
511 1481 565 1536 to.

150 1575 233 1651 quod
260 1574 373 1635 cultum
399 1577 565 1639 secundum
588 1579 656 1638 illos
679 1581 876 1655 instituerint,
909 1597 992 1640 vers=
1030 1583 1060 1640 3.

104 1678 159 1734 ll.
187 1679 241 1733 12.
275 1674 472 1736 adulterando
497 1679 596 1736 omnia
616 1679 700 1753 boni,
732 1697 818 1739 vers:
853 1683 906 1741 13.
933 1683 988 1739 14.

149 1793 185 1834 ac
199 1775 350 1835 adorando
365 1775 516 1836 diabolum
528 1776 595 1837 loco
609 1780 739 1853 Domini,
754 1796 839 1839 vers:
863 1784 916 1841 15.
937 1782 991 1840 16.
1029 1782 1064 1840 3.

149 1875 232 1951 quod
254 1875 435 1936 occluserint
451 1876 508 1935 sibi
526 1880 605 1936 viam
623 1878 662 1937 ad
679 1895 797 1938 omnem
819 1882 990 1940 misericor·
1030 1881 1060 1940 3.

96 1977 187 2050 diam,
207 1991 292 2034 vers:
315 1979 369 2034 17.
392 1978 445 2036 18.

149 2094 233 2170 Cap:
252 2092 309 2153 IX.
337 2094 385 2154 Do
398 2097 570 2155 visitatione
582 2096 662 2155 etde
676 2095 791 2173 judicio
806 2112 898 2173 super
915 2096 992 2170 illos,
1023 2101 1077 2159 15.

97 2198 150 2272 qui
167 2194 206 2254 ab
223 2193 373 2253 Ecclesia.
400 2195 447 2254 De
463 2196 669 2272 exploratione
683 2195 788 2272 quales
802 2202 872 2255 sunt
890 2199 990 2273 quoad

96 2295 244 2363 Verbum,
261 2311 346 2354 vers:
371 2294 443 2376 lad
463 2297 493 2355 3.

84 2450 91 2456 .
150 2395 188 2454 de
213 2395 568 2470 separationemalorum
592 2395 804 2474 othonorum,
835 2413 927 2456 vers:v
947 2400 980 2456 4.
1022 2399 1077 2458 15.

96 2497 134 2556 de
158 2496 284 2554 interitu
311 2494 431 2553 illorum
457 2494 539 2572 apud
570 2512 645 2570 quos
672 2478 837 2554 nibilboni
861 2496 989 2571 otveri,

95 2611 182 2655 vers:
207 2596 236 2654 5.
259 2596 289 2653 6.

147 2695 197 2754 De
210 2694 325 2772 judicio
343 2710 435 2770 super
453 2696 558 2768 malos,
576 2712 663 2753 vers:
687 2701 714 2753 V.
1022 2696 1076 2755 15.

148 2812 208 2853 nou
225 2795 379 2853 miseratio
397 2797 468 2870 quia
484 2812 544 2854 non
567 2796 624 2852 nisi
646 2811 737 2870 quam
753 2795 985 2872 prophanatum,
1022 2797 1077 2856 15.

95 2911 182 2955 vers:
205 2893 277 2952 8ad
296 2897 351 2953 ll.

148 3018 231 3095 Cap:
256 3016 296 3076 X.
336 3018 526 3079 Describitur
559 3020 715 3080 Ecclesiae
747 3022 893 3080 Institutio
926 3037 982 3097 per
1020 3022 1074 3079 11.

98 3119 235 3179 Verbum
253 3124 284 3176 et
300 3135 356 3195 per
374 3118 538 3177 doctrinam
556 3120 633 3178 inde.
674 3120 816 3179 Divinum
834 3120 989 3196 spirituale

95 3218 191 3278 Verbi
220 3217 262 3277 ibi
293 3217 424 3278 formans
452 3218 636 3288 Ecclesiam,
670 3220 864 3290 describitur,
899 3235 990 3278 vers:

99 3323 129 3376 1.
151 3322 182 3377 2.

146 3434 227 3514 quod
244 3435 313 3495 inde
329 3438 478 3496 internum
496 3442 526 3495 et
544 3444 699 3496 externum
718 3435 875 3494 Ecclesiae
898 3438 981 3492 esset
1020 3435 1073 3490 ii.

96 3536 207 3594 Divino
225 3535 357 3612 plenum,
376 3553 461 3596 vers:
484 3538 502 3596 3
517 3535 556 3593 ad
572 3536 601 3594 5.
954 3530 957 3535 ’

146 3654 283 3713 doctriua
299 3654 368 3714 lnde
384 3654 513 3722 Divina,
535 3668 620 3712 vers:
644 3654 661 3710 6
681 3650 720 3710 ad
734 3651 763 3708 8.
791 3649 827 3708 de
847 3649 981 3708 doctrina
1019 3652 1073 3707 11.

96 3770 134 3813 ex
151 3752 272 3823 Verbo,
292 3771 369 3830 quae
387 3755 467 3813 intus
486 3752 659 3829 spiritualis,
676 3765 764 3811 vers:
787 3751 817 3807 9.
837 3751 891 3809 10.

145 3869 228 3949 quod
256 3868 309 3928 illa
331 3888 424 3930 unum
445 3876 550 3948 ageret
572 3887 639 3930 oum
663 3866 781 3944 Verbo,
814 3885 903 3928 vers:
929 3873 983 3928 ll.
1024 3872 1078 3927 11.

95 3969 175 4047 quod
192 3968 286 4047 plena
302 3969 419 4030 Divinis
437 3971 527 4045 veris,
546 3987 633 4030 vers:
658 3972 712 4030 12.
735 3969 791 4028 13.

143 4087 183 4130 ex
195 4065 311 4144 Verbo,
330 4069 410 4146 quod
423 4069 485 4131 tale
498 4070 538 4129 sit
555 4071 680 4131 interius
695 4073 725 4129 et
740 4070 882 4143 exterius,
901 4081 991 4126 vers:

97 4169 234 4228 1415.
