2528 4808
99 333 133 384 52
361 319 492 376 EZECH:
515 318 593 374 CAP.
617 317 663 384 lv,
685 328 701 380 3
722 314 886 382 -V11‚22.

262 497 320 540 333
338 481 451 551 113331,
474 492 560 535 vers:
583 477 612 535 3.
641 481 671 534 et
688 491 808 552 quoque
827 473 1016 533 obsidionem
1036 491 1056 531 a
1074 474 1156 533 salsis

261 578 333 639 mali
351 585 381 637 et
398 576 484 636 malis
504 574 585 649 salsi,
610 591 696 634 vers:
720 577 739 632 4
756 573 793 632 ad
812 576 841 632 8.

201 685 231 740 2.
283 677 363 755 quod
379 679 622 753 repraesentaret
644 673 881 735 falsificationem
907 679 938 733 31
955 673 1155 732 adulteratio·

262 794 330 837 nem
348 793 456 836 sensus
474 777 580 834 literae
598 774 701 844 Verbi,
721 790 807 834 vers:
831 763 931 863 [9-]
952 776 998 857 14
1015 775 1055 835 ad
1074 776 1127 833 16.

201 885 232 939 2.
280 894 340 955 per
357 893 432 953 quas
450 892 536 934 3333
550 874 704 933 Ecclesiae
723 871 821 950 periit,
839 890 923 932 vers:
947 877 1002 931 17.

201 985 232 1039 2.
286 975 366 1054 Cap:
385 977 422 1036 V.
459 981 719 1051 repraesentatum
741 975 887 1051 quemodo
905 989 1030 1032 sensum
1048 975 1155 1033 literae

263 1078 472 1138 destruxerint.
519 1075 606 1150 Quod
630 1091 751 1133 sensum
774 1075 880 1133 literae
902 1075 1014 1150 partim
1033 1074 1154 1133 adulte-

260 1180 406 1247 raverint,
437 1177 546 1252 partini
570 1174 809 1245 lalsilieareriut,
846 1180 875 1232 et
892 1175 1002 1250 partim
1019 1175 1154 1251 relique-

262 1281 329 1352 rint,
349 1276 429 1353 quod
446 1282 545 1334 tarnen
559 1275 754 1343 falsificatnri,
772 1291 857 1334 vers:
894 1277 923 1332 l.
947 1276 978 1332 2.

201 1385 232 1439 2.
286 1375 366 1454 quod
383 1377 481 1437 33313
494 1392 567 1434 vera
580 1375 733 1434 Ecclesiae
746 1367 963 1451 proplranaturi
977 1377 1048 1449 sint,
1064 1391 1154 1433 vers:

266 1480 296 1538 3.
318 1480 349 1534 4.

201 1580 231 1637 3.
285 1578 354 1653 quia
373 1593 446 1653 prae
465 1574 531 1634 aliis
548 1580 759 1650 perverterunt
782 1592 856 1634 vera
873 1574 1047 1649 Ecclesiae,
1061 1591 1154 1636 -versz

269 1675 342 1735 trad
359 1682 388 1734 1.

201 1779 230 1836 3.
285 1776 365 1852 quod
380 1775 458 1834 13133
476 1773 664 1835 destruerent
680 1775 774 1851 bona,
798 1783 828 1834 et
847 1775 927 1833 3313
945 1792 1034 1848 vera,
1055 1790 1153 1850 usque

261 1882 295 1934 ut
311 1876 384 1934 nihil
400 1874 471 1933 beni
487 1882 519 1935 31
534 1878 599 1935 3331
616 1877 762 1952 supersit,
791 1892 877 1936 vers:
900 1877 918 1933 8
938 1876 976 1933 ad
997 1878 1050 1950 10,
1078 1885 1085 1905 ‘

126 1979 155 2035 3.
180 1979 233 2036 11.
285 1983 315 2036 et
333 1978 402 2053 quia
415 1975 582 2035 Ecclesiam
597 1976 809 2036 destruxerunt
825 1974 1053 2053 prophananda,
1074 1975 1153 2052 quod

262 2078 386 2152 perituri
405 2082 562 2152 utsupra,
588 2093 675 2134 vers:
707 2078 833 2135 11.12,
863 2075 943 2152 qued
955 2075 1025 2135 dein
1042 2075 1151 2136 Eccle-

262 2177 308 2243 sia
323 2175 403 2251 apud
421 2174 496 2234 alies
514 2177 702 2244 instituetur,
727 2192 812 2237 vers:
835 2177 890 2235 13.

201 2276 231 2333 3.
283 2275 352 2332 duur
370 2276 454 2351 prius
473 2276 571 2333 omnia
588 2273 690 2349 Verbi,
711 2275 861 2335 doctrinae
880 2280 909 2334 31
922 2275 1081 2335 Ecclesiae
1096 2290 1153 2351 per

260 2375 450 2459 prophana,
463 2374 544 2432 3313
567 2381 597 2433 31
619 2374 697 2433 13133
720 2381 928 2434 3333333313
944 2380 1031 2450 sunt,
1066 2391 1149 2435 vers:

266 2479 307 2534 14
324 2475 362 2534 ad
378 2479 432 2533 17.
726 2465 729 2472 ’

202 2578 232 2635 3.
287 2574 366 2651 Cap:
383 2575 437 2634 VI.
466 2577 504 2634 ad
518 2591 620 2634 33333
640 2576 733 2649 quiin
747 2591 847 2633 eruere
861 2575 939 2633 3313
958 2580 989 2634 31
1005 2574 1075 2633 inde
1093 2575 1151 2633 lal-

262 2677 304 2733 sis
319 2680 348 2734 in
363 2676 510 2734 Ecclesia.
532 2673 619 2750 Quod
631 2676 756 2750 perituri
771 2686 806 2732 ex
821 2674 913 2748 salsis,
928 2691 1016 2734 vers:
1035 2678 1065 2733 1.
1080 2679 1109 2734 2.
1119 2676 1150 2734 3.

203 2775 233 2832 3.
287 2773 375 2849 Quod
393 2790 479 2832 omne
498 2774 595 2833 cultus
611 2790 647 2832 er
667 2790 737 2834 vere
756 2781 786 2832 31
802 2773 880 2833 beno
899 2774 1085 2834 destructum
1103 2776 1151 2843 sit,

261 2875 331 2948 quia
344 2889 425 2931 urere
444 2872 555 2930 33133
569 2880 599 2931 31
616 2873 735 2944 131333,
753 2856 838 2932 vers:
862 2877 882 2931 4
899 2874 937 2931 ad
952 2875 981 2932 6.

126 2972 157 3030 3.
182 2973 236 3029 11.
289 2971 368 3047 qued
385 2988 443 3030 333
466 2975 592 3048 perituri
615 2975 666 3048 qui
690 2972 835 3032 recedunt
852 2991 871 3032 3
887 2973 974 3032 malis
999 2979 1031 3032 et
1055 2973 1149 3047 131313,

263 3089 347 3130 vers:
370 3077 385 3129 7
402 3072 440 3131 ad
456 3074 511 3130 10.
542 3073 715 3132 lamentatio
734 3090 826 3150 super
842 3073 886 3145 id,
908 3089 993 3131 versz
1017 3075 1072 3132 11.

200 3173 230 3229 3.
286 3171 365 3247 qued
394 3188 496 3230 33333
527 3173 576 3247 qui
605 3175 635 3229 iu
666 3172 752 3231 malis
782 3179 823 3232 31
837 3172 921 3231 131313
947 3171 1148 3247 destruentur,

262 3288 345 3330 vers:
370 3272 535 3328 1233114.
1042 3291 1045 3294 ·

174 3374 229 3432 15.
283 3370 460 3448 (13ρε11Πε
502 3371 550 3429 De
574 3369 676 3427 311133
699 3363 835 3447 Judicio,
865 3371 946 3447 quod
974 3371 1150 3431 destruendi

258 3472 306 3532 die
325 3472 423 3531 ultimi
439 3471 563 3544 33311311,
586 3486 670 3531 vers:
695 3471 767 3529 lad
780 3474 812 3529 4.

124 3574 152 3630 1.
174 3573 228 3630 15.
281 3573 362 3650 qued
378 3572 435 3632 hec
452 3572 503 3631 fiet
525 3589 592 3629 cum
609 3572 691 3629 venit
707 3570 867 3640 Dominus,
893 3550 1019 3632 vers.'5
1035 3571 1075 3630 ad
1093 3573 1146 3630 13.

259 3671 339 3746 quod
351 3679 421 3730 tunc
434 3673 561 3747 perituri
578 3687 634 3746 per
650 3687 707 3729 333
724 3670 817 3745 3313,
840 3671 918 3729 13133
936 3674 967 3728 31
979 3672 1147 3748 prophana,

259 3785 344 3828 vers:
368 3772 422 3827 14.
446 3771 500 3828 15.
1030 3779 1032 3784 ’

199 3867 228 3926 3.
282 3867 362 3943 quod
379 3867 584 3942 relinquentur
604 3867 720 3945 reliqui,
747 3885 832 3929 vers:
856 3872 911 3929 16.
952 3868 1008 3927 sed
1020 3869 1147 3930 33311113

258 3984 363 4026 verum
381 3973 411 4026 et
426 3966 546 4043 bonum,
566 3985 650 4027 vers:
675 3973 715 4026 li
731 3968 770 4029 ad
788 3971 841 4028 13.

198 4069 227 4126 3.
281 4067 360 4142 qued
390 4070 541 4126 accessuri
571 4067 610 4125 ad
637 4067 705 4127 illes
733 4071 783 4146 qui
808 4074 1022 4144 perverterunt
1049 4070 1148 4129 33313

257 4167 421 4238 Ecclesiae,
446 4184 527 4227 vers:
550 4169 595 4227 20
611 4168 649 4226 ad
665 4172 720 4227 22.
